3417 5384
2628 522 2723 597 91·

378 752 617 815 autem·
660 744 883 814 altera
933 736 1396 836 μεταβάσεως
1454 765 1494 813 a
1552 765 1616 814 v.
1690 739 1890 809 1307.
1981 744 2341 835 incipienS‚
2425 734 2518 814 ut‘
2584 745 2722 814 iam

378 850 885 939 demonstravi„
924 850 1170 939 pathos
1228 851 1546 939 continet3
1615 853 1703 921 in.
1746 851 1988 940 Iphig..
2065 850 2270 923 Taur.
2332 872 2543 940 genus
2600 853 2724 921 im.-

375 957 705 1045 plicatum
762 977 913 1027 cum
970 958 1194 1029 ethico
1252 959 1712 1033 consociatum
1770 967 1895 1046 est,
1953 958 2117 1047 quia
2155 956 2236 1027 id
2266 952 2505 1050 μέρος,
2551 957 2729 1028 unde

377 1063 759 1135 metahasis
805 1064 1075 1134 initium
1116 1066 1363 1153 sumit,„
1402 1087 1470 1135 v.
1536 1059 2005 1131 725—1088
2067 1085 2318 1154 anagn.
2361 1065 2542 1136 inter
2581 1064 2719 1136 fra.-

376 1180 553 1244 trem
606 1180 675 1240 et
732 1191 1047 1241 sororem-
1091 1172 1410 1259 continet,
1469 1181 1701 1262 partes
1760 1172 2228 1261 autemipsius
2260 1163 2731 1260 μεταβάσεως

380 1299 468 1347 V..
516 1271 1079 1367 1152—1223„
1131 1273 1342 1349 1284-
1394 1311 1494 1324 ——
1559 1273 1758 1344 1499
1821 1279 2064 1369 pathos
2145 1300 2298 1350 non2
2365 1278 2722 1368 praebent.

383 1381 717 1470 Quoniam
777 1393 1013 1455 autem
1057 1386 1141 1454 in·
1184 1386 1273 1455 iis
1307 1384 1702 1475 tragoediis,
1738 1387 1810 1454 in
1839 1387 2082 1475 quibus
2113 1407 2329 1476 neque
2368 1386 2439 1456 id
2484 1384 2725 1478 μέρος,

380 1490 559 1561 unde
614 1492 985 1562 metabasis
1047 1493 1409 1583 incipitur,
1449 1513 1669 1581 neque
1719 1502 1950 1582 partes
2006 1493 2221 1582 ipsius
2259 1483 2726 1583 μεταβάσεως

386 1599 946 1687 anagnorismum
1004 1600 1111 1670 vel
1168 1600 1571 1690 peripetiam
1631 1600 2004 1687 continent,
2068 1600 2438 1671 metabasis
2497 1610 2727 1670 tamen

385 1713 509 1776 aut«
557 1725 711 1776 eum
764 1697 996 1775 πάθος
1053 1715 1171 1777 aut
1221 1728 1357 1777 non
1415 1728 1563 1777 cum
1622 1699 1855 1775 πάθος
1913 1707 2268 1778 coniuncta
2310 1707 2399 1776 sit
2455 1727 2747 1778 necesse

387 1820 527 1901 est‚.
567 1811 679 1894 fit‘„
723 1822 801 1881 uta
850 1813 1139 1902 simplex
1195 1813 1551 1904 tragoedia
1644 1824 1764 1884 aut
1817 1835 1968 1884 cum
2061 1835 2310 1903 genere
2384 1814 2742 1901 pathetice

389 1927 503 1989 aut
560 1938 710 1989 cum
766 1940 1016 2008 genere
1073 1921 1309 1991 ethio&
1351 1921 1742 1992 consociata
1780 1921 1891 1991 sit.
1914 1920 2023 1993 Ita
2043 1920 2113 1990 in
2143 1918 2414 2009 Septem
2447 1921 2724 1991 coniun-

386 2033 634 2116 guntur
715 2047 928 2114 genus
1012 2029 1431 2116 patheticum
1487 2037 1555 2098 et
1609 2048 1824 2117 genus
1880 2028 2192 2116 simplex,
2252 2028 2415 2115 quia
2467 2047 2729 2097 unaex

387 2141 584 2222 parte
638 2153 853 2222 neque
909 2135 983 2204 in
1038 2135 1109 2203 id
1166 2133 1405 2226 μέρος,
1464 2134 1642 2204 unde
1699 2134 2068 2204 metabasis
2122 2136 2451 2209 nascitur,
2511 2154 2729 2223 neque

386 2241 466 2308 in
513 2239 823 2328 partibus
895 2241 1109 2330 ipsius
1166 2232 1629 2331 μεταβάσεως
1687 2241 2207 2330 anagnorismus
2265 2242 2410 2311 siv-e
2464 2241 2731 2329 peripe-

387 2347 487 2417 tia
543 2347 910 2436 invenitur,
973 2349 1193 2418 altera
1245 2368 1327 2416 ex
1383 2357 1579 2436 parte
1635 2348 1707 2417 in
1766 2348 2007 2417 ultima
2043 2356 2239 2437 parte
2272 2337 2735 2437 μεταβάσεως

391 2476 470 2523 v..
521 2448 955 2523 8417-——995
999 2455 1245 2544 pathos
1302 2453 1689 2543 effunditur3
1803 2455 1874 2522 in
1958 2454 2158 2523 Eum.
2240 2463 2464 2524 autem
2518 2476 2733 2543 genus

392 2561 685 2631 ethicum
743 2582 893 2631 cum
952 2562 1261 2651 simplice
1316 2562 1640 2650 iungitur,
1700 2562 1868 2648 quia
1920 2560 1989 2629 id
2047 2559 2286 2652 μέρος,
2356 2560 2534 2630 unde
2591 2583 2729 2631 me·

389 2668 651 2738 tabasis
706 2669 1032 2758 nascitur,
1080 2689 1298 2757 neque
1356 2669 1914 2758 anagnorismum
1969 2668 2462 2757 peripetiamve
2517 2688 2738 2757 neque

393 2774 640 2864 pathos
679 2775 1030 2864 praebent.
1092 2778 1316 2864 Atque
1372 2777 1592 2865 ipsum
1623 2775 2069 2851 Aristotelem
2107 2775 2286 2844 hanc
2318 2775 2740 2845 coniunctio-

391 2903 548 2952 nem
590 2903 912 2971 generum
969 2882 1330 2954 admisisse
1361 2906 1445 2954 ex
1502 2883 1698 2953 initio
1758 2880 1831 2950 C.
1898 2877 1995 2951 24
2027 2881 2111 2951 A.
2148 2882 2226 2950 P.
2288 2883 2445 2952 elici
2493 2891 2740 2971 potest,

392 2989 507 3060 ubi
563 2989 737 3059 haec
793 2990 1130 3079 leguntur:
1208 2984 1307 3054 ἔτι
1385 2983 1460 3053 δὲ
1538 2975 1621 3055 τὰ
1677 2983 1836 3076 εἴδη
1893 2994 2117 3054 ταῦτα
2175 2981 2279 3052 δεῖ
2337 2983 2545 3081 ἔχειν
2604 2981 2752 3069 τὴν

392 3089 780 3159 ἐποποιίαν
837 3098 925 3187 τῇ
984 3090 1428 3189 τραγῳδίᾳῆ
1488 3082 1650 3190 γὰρ·
1683 3085 1940 3179 ἁπλῆν
2002 3091 2048 3175 ἡ
2106 3087 2631 3187 πεπλεγμένην
2696 3091 2753 3178 ἢ

394 3193 665 3285 ἠθικὴν
723 3198 769 3287 ἢ
826 3195 1269 3285 παθητικήν·
1327 3199 1375 3286 ἡ
1432 3200 1568 3293 μὲν
1630 3187 1878 3271 Ἰλιὰς
1934 3194 2229 3264 ἁπλοῦν
2265 3201 2388 3265 καὶ
2440 3194 2742 3283 παθητι-

392 3302 554 3393 κόν,
639 3304 687 3387 ὴ
773 3302 848 3373 δὲ
931 3297 1328 3373 Ὁδόσσεια
1411 3302 1954 3400 πεπλεγμένον,
2042 3297 2548 3400 ἀναγνώρισιν
2605 3293 2758 3400 γὰρ,

398 3407 653 3478 διόλου
712 3415 832 3479 καὶ
889 3405 1273 3504 ἠθική154).

611 3628 967 3721 Quoniam,
1027 3652 1202 3720 quae
1257 3630 1664 3701 Aristoteles
1723 3630 1806 3701 de
1861 3631 2373 3721 tragoediarum
2440 3630 2757 3703 Graeca-

393 3757 542 3805 rum
602 3737 1139 3809 conformatione
1195 3738 1578 3808 dramatica
1624 3738 1966 3815 disseruit,
2010 3740 2462 3828 exposuimus,
2502 3749 2752 3830 restat?

396 3851 468 3913 ut
496 3843 873 3934 videamus,
908 3846 1209 3916 secutine
1230 3846 1368 3914 sint
1386 3846 1828 3935 grammatici
1859 3845 2315 3917 Alexandrini
2336 3868 2486 3916 eam
2507 3867 2746 3917 necne.

394 3949 619 4039 Atque
648 3973 760 4022 eos
789 3952 1032 4023 saltem
1062 3974 1141 4023 eo
1169 3961 1497 4042 tempore,
1532 3972 1663 4041 quo
1695 3951 2199 4040 Aristophanes
2239 3951 2748 4025 Grammaticus

393 4055 426 4125 f
429 4057 711 4148 lorebatg
753 4078 913 4130 eam=
931 4078 1068 4130 non
1096 4068 1357 4130 secutos
1386 4080 1545 4130 esse*
1561 4081 1645 4130 ex
1684 4060 1910 4130 altero«
1934 4068 2332 4150 argumento
2370 4060 2741 4132 Alcestidis

614 4318 725 4397 ¹⁶⁴)
772 4321 867 4384 De
913 4320 1180 4395 ratione,
1229 4339 1392 4401 quae
1437 4321 1606 4386 inter
1650 4326 1955 4401 quattuor
1985 4337 2220 4402 genera
2271 4321 2743 4402 tragoediarum

396 4409 770 4581 {ntfrzedisstz
801 4409 1289 4491 disputaverunt
1337 4409 1658 4475 Vahlenus
1704 4429 1766 4491 p.
1822 4408 1974 4478 139,
2021 4410 2212 4476 sitzb.
2265 4406 2369 4487 52,
2392 4409 2507 4474 Th.
2541 4410 2750 4475 Heine
