3417 5384
1191 1385 1797 1495 PRAEFATIO.

1382 1605 1593 1612 -—-—-—-——

539 1735 723 1823 Quas
804 1736 954 1806 vias
1024 1736 1532 1825 tragoediarum
1635 1734 2083 1806 conformatio
2175 1734 2497 1805 scaenica
2585 1754 2666 1803 ac

310 1845 709 1914 dramatica
763 1841 924 1912 inde
980 1842 1067 1911 ab
1122 1843 1465 1934 Aeschylo
1521 1862 1731 1930 usque
1771 1841 1860 1911 ad
1909 1840 2234 1910 Senecam
2272 1839 2662 1930 perfecerit,

329 1973 478 2021 cum
534 1970 732 2020 nemo
788 1943 1011 2019 adhuc
1066 1948 1229 2019 data
1284 1969 1494 2039 opera
1568 1948 1963 2035 ostenderit,
2022 1947 2153 2018 hoc
2227 1947 2460 2018 libello
2516 1967 2666 2017 eam

312 2059 642 2127 ,lacunam
700 2056 870 2127 artis
938 2057 1246 2144 tragicae
1304 2055 1812 2145 cognoscendae
1866 2075 1992 2143 pro
2058 2054 2244 2124 virili
2302 2061 2499 2144 parte
2555 2075 2669 2123 ex·

312 2164 513 2254 ,plere
572 2183 773 2233 ausus
838 2152 1075 2243 sum¹).
1137 2162 1242 2233 Ac
1295 2183 1384 2233 ne
1438 2182 1635 2250 quem
1673 2160 1915 2250 fugiat,
1956 2160 2120 2249 quid
2159 2159 2502 2250 significet
2541 2160 2665 2230 illa

329 2269 776 2359 conformatio
833 2269 1148 2339 scaenica
1225 2291 1305 2339 ac
1380 2267 1783 2356 dramatica,
1862 2268 1946 2337 de
2019 2288 2176 2358 qua,
2236 2276 2310 2337 ut
2367 2267 2535 2355 dixi,
2594 2269 2664 2336 in
2716 2332 2719 2336 a

322 2378 467 2452 hoel
501 2375 830 2465 'opusculo
887 2375 1353 2465 disputaturus
1408 2396 1577 2449 sum,
1640 2376 1870 2445 statim
1929 2374 2129 2463 addo,
2190 2396 2297 2445 me
2337 2394 2488 2444 eam
2525 2382 2664 2444 tra-

324 2483 723 2573 goediarum
781 2480 1380 2552 conformationem
1428 2481 1658 2552 dicere
1719 2481 2127 2571 scaenicam,
2187 2501 2363 2570 quae
2421 2480 2508 2551 ab
2564 2480 2668 2549 in-

307 2589 532 2660 troitu
589 2597 653 2658 et
723 2589 910 2658 abitu
985 2588 1391 2658 histrionum
1467 2589 1793 2675 chorique
1867 2588 2135 2677 pendet,
2216 2587 2666 2657 dramaticam

307 2704 573 2775 autem,
630 2714 806 2781 quae
861 2695 931 2763 in
988 2715 1351 2785 progressu
1410 2695 1698 2765 actionis
1756 2664 2557 2781 evolvendfferniturss)

540 2907 652 2976 Ad
707 2908 1128 2997 propositum
1186 2907 1682 2995 exsequendum
1758 2907 2131 2978 subsidium
2190 2927 2394 2995 quam
2448 2907 2670 2979 maxi-

310 3035 509 3083 *mum
565 3014 739 3084 haec
796 3015 1054 3104 scripta
1111 3011 1280 3084 mihi
1346 3014 1684 3083 tulerunt:

548 3116 617 3206 l)
676 3118 761 3191 G.
826 3120 1206 3191 Hermanni
1262 3119 1470 3191 editio
1525 3120 1687 3190 libri
1747 3120 1832 3190 de
1888 3120 2059 3190 Arte
2133 3119 2414 3191 Poetica
2470 3119 2670 3190 Aris-

304 3227 603 3315 ·totelici,
664 3226 852 3316 Lips.
930 3222 1148 3315 1802,
1207 3249 1273 3316 p.
1346 3221 1489 3291 130
1548 3247 1718 3314 seq.‚
1797 3227 1867 3295 in
1945 3224 2188 3314 quibus
2263 3227 2427 3297 libri
2483 3226 2669 3297 illius

308 3332 403 3404 C.
455 3328 571 3421 12,
614 3332 651 3417 ,ξ
719 3335 780 3421 1,
844 3332 913 3421 5,
973 3330 1041 3422 7,
1103 3339 1202 3421 43
1267 3331 1339 3403 G.
1402 3328 1516 3421 18,
1560 3328 1596 3418 ξ
1641 3335 1682 3397 t>
1725 3334 1825 3402 ita
1873 3332 2324 3422 explicantur,
2368 3342 2440 3403 ut
2487 3342 2671 3405 recte

308 3440 832 3528 intellegantur.
917 3503 924 3510 .

652 3593 879 3598 —-....-
906 3591 965 3601 ——a

543 3651 592 3723 1)
640 3644 818 3709 Haec
863 3651 999 3711 tota
1077 3645 1457 3717 dissertati05
1490 3650 1592 3710 est
1639 3664 1788 3725 pars
1834 3646 2037 3725 prima
2084 3646 2224 3710 eius
2270 3643 2435 3722 libri,
2484 3665 2669 3727 quem

306 3735 404 3799 de
452 3734 946 3800 conformatione
1020 3735 1304 3799 scaenica
1368 3754 1440 3798 ac
1509 3734 1864 3799 dramatica
1937 3733 2295 3799 fabularum
2369 3733 2516 3800 inde
2589 3737 2668 3798 ab

320 3826 449 3888 Aes
486 3823 630 3904 hylo
680 3823 1226 3903 Aristophaneque
1272 3840 1470 3902 usque
1518 3823 1597 3887 ad
1646 3823 2009 3886 Terentium
2057 3823 2487 3903 Senecamque
2524 3843 2670 3889 con·

306 3913 598 3977 scribere
643 3912 795 3976 mihi
841 3915 1158 3994 proposui.

534 4034 587 4119 ²)
636 4036 821 4113 Cave,
868 4055 950 4101 ne
995 4041 1259 4118 propter
1285 4036 1541 4110 titulum
1587 4036 1731 4099 libri
1761 4036 2020 4102 Custavi
2066 4036 2497 4101 Oehmichenii
2552 4039 2668 4114 „de

325 4127 779 4209 compositione
842 4125 1264 4220 episodiogum
1337 4125 1705 4207 tragoediae
1777 4125 2059 4191 Graecae
2130 4123 2431 4191 externa“
2508 4126 2672 4207 (Erl.

329 4214 527 4294 1881)
577 4233 857 4292 censeaS‚
932 4214 1109 4279 illum
1169 4219 1457 4279 nostrum
1521 4215 1914 4296 propositum
1978 4214 2290 4296 tetigisse.
2336 4214 2412 4279 In
2466 4234 2667 4297 „sym-

308 4306 593 4370 metria“
629 4304 796 4368 enim
835 4304 1221 4383 „dramatica
1248 4302 1563 4384 Aechylea
1591 4321 1833 4378 vocum,
1863 4320 2294 4385 personarum,
2341 4299 2661 4369 motuum“

312 4393 759 4476 excogitanda,
785 4391 923 4458 fere
970 4397 1144 4459 totus
1171 4392 1296 4468 iste
1322 4392 1481 4467 liber
1508 4390 1596 4473 (p.
1628 4389 1920 4469 38—77)
1950 4392 2372 4458 consumitur:
2422 4399 2669 4457 tantum

312 4502 383 4564 p.
435 4479 699 4569 327-37
770 4480 1057 4562 Aeschyli
1122 4481 1485 4545 distributio
1552 4481 1837 4545 scaenica
1905 4481 2133 4547 leviter
2195 4482 2673 4563 perstringitur.
