3417 5384
747 455 896 539 106

737 680 1080 752 eboricum
1135 704 1177 752 a
1232 683 1376 752 solo
1433 683 1639 752 choro
1695 689 2038 753 cantatum
2099 702 2139 751 a
2193 683 2414 771 primo
2480 681 2786 770 episodio
2845 680 3081 751 diiun-

733 788 917 883 gitur
1010 782 1161 880 (de
1214 790 1613 860 commatico
1667 787 2137 860 Troad..Sen.
2197 789 2334 861 iam
2391 786 2466 859 G.
2533 788 2600 858 [l
2629 788 2880 859 dictum
2916 785 3081 874 est),

734 916 1025 985 semper,
1083 905 1156 965 ut
1254 895 1434 986 apud
1544 895 1969 985 Euripidem,
2066 897 2561 985 expositionem
2633 884 3086 985 praebet178).

733 999 926 1089 Quod
983 1011 1208 1074 autem
1266 1003 1355 1074 ad
1409 1012 1820 1075 momentum
1880 1004 2169 1075 actionis
2224 1002 2623 1090 nectendae,
2684 1023 2814 1092 quo
2867 1003 3086 1073 simul

616 1180 623 1187 ,
733 1110 1000 1180 initium
1052 1110 1258 1182 totius
1315 1111 1603 1184 actionis
1659 1110 2046 1182 fabularum
2108 1110 2509 1191 destinatur,
2607 1111 2680 1179 in
2772 1109 3084 1181 Senecae

731 1217 1109 1306 tragoediis
1161 1218 1591 1289 statuendum
1704 1209 2016 1307 pertinet,
2130 1219 2202 1288 in
2259 1217 2464 1291 Herc.
2563 1211 2779 1306 (fun),
2877 1215 3076 1289 Med.

755 1317 1035 1416 Troad.,
1092 1324 1432 1415 Phaedra,
1490 1326 1767 1416 Agam.,
1826 1323 2030 1396 Herc.
2091 1324 2243 1397 Oet.
2303 1326 2372 1396 id
2412 1333 2819 1397 momentum
2858 1325 3091 1395 altera.

727 1452 978 1503 scaena
1033 1442 1222 1504 actus
1277 1431 1558 1504 secundi
1618 1426 1749 1520 [sic
1811 1431 2015 1505 Herc.
2105 1428 2295 1518 (fur.)
2382 1454 2456 1503 v,
2511 1426 2660 1496 332
2727 1466 2823 1480 -
2886 1425 3076 1520 522,

725 1535 974 1611 Troad.
1035 1533 1184 1606 203
1241 1561 1409 1629 seq„
1470 1536 1790 1611 Phaedra
1846 1534 1997 1604 431
2058 1561 2226 1630 seq„
2284 1539 2532 1629 Agam.
2606 1533 2755 1605 226
2784 1533 3106 1629 -ἰ109,,

727 1645 932 1718 Herc.
992 1646 1163 1719 Oet*
1208 1639 1358 1712 226
1418 1643 1595 1737 seq]
1657 1645 1971 1719 efficitur.
2032 1646 2293 1720 Tamen
2350 1647 2672 1736 quoniam
2741 1646 2866 1718 hoc
2920 1640 3076 1719 mo·

726 1763 1022 1827 mentum
1075 1755 1214 1828 iam
1269 1755 1493 1845 prima
1547 1770 1799 1827 scaena¹
1835 1757 2034 1827 huius
2072 1765 2260 1827 actus
2284 1762 2758 1844 praeparatur,
2784 1754 3076 1825 initium

724 1863 930 1934 totius
985 1862 1274 1934 actionis
1331 1863 1576 1934 harum
1630 1862 2018 1934 fabularum
2074 1864 2145 1932 in
2201 1864 2350 1953 ipso
2406 1861 2603 1933 initio
2627 1862 2828 1933 huius
2869 1871 3074 1933 actus

725 1969 1109 2057 ponendum
1163 1978 1293 2043 est:
1347 1970 1449 2041 sic
1503 1970 1708 2041 Herc.
1770 1963 1870 2062 (f.)
1930 1992 1993 2040 v.
2057 1963 2234 2059 202,
2299 1969 2483 2041 Med.
2579 1961 2745 2050 110,
2806 1967 3075 2041 Troad.

738 2071 907 2168 164,
964 2077 1286 2150 Phaedra
1344 2072 1519 2168 358,
1580 2077 1846 2167 Agam.·
1902 2072 2071 2167 108,
2130 2075 2333 2148 Herc.
2424 2075 2575 2149 Oet.
2675 2070 2819 2143 173
2881 2077 3073 2149 actio

725 2191 869 2255 tota
920 2185 1267 2276 incipitur.
1327 2184 1564 2274 Neque
1618 2185 1823 2255 aliter
1875 2206 1990 2257 res
2046 2205 2119 2256 se
2172 2184 2381 2255 habet
2435 2185 2508 2255 in
2547 2184 2861 2276 Thyestis
2900 2193 3064 2255 actu

704 2290 944 2363 ‘altero
996 2313 1061 2363 v.
1130 2286 1273 2358 108
1308 2285 1567 2380 -309,
1628 2312 1780 2362 cum
1833 2312 1916 2364 ea
1970 2312 2242 2380 scaena,
2301 2311 2437 2380 qua
2492 2292 2609 2363 ille
2665 2300 2857 2364 actus
2912 2290 3065 2363 effi·

727 2399 926 2490 citur,
981 2397 1187 2471 facile
1239 2399 1312 2469 in
1367 2397 1537 2470 duas
1594 2407 1826 2490 partes
1882 2398 2251 2470 dividatur:
2310 2419 2516 2469 unam
2574 2421 2636 2469 v,
2697 2424 2706 2429 ·
2752 2393 2897 2463 176
2970 2428 3065 2445 --

729 2500 906 2596 204,
962 2527 1099 2595 qua
1151 2515 1561 2578 momentum
1618 2507 1906 2578 actionis
1959 2505 2334 2578 nectendae
2389 2515 2864 2596 praeparatum
2963 2507 3069 2577 al-

715 2622 934 2685 teram
990 2636 1056 2686 v.
1121 2607 1350 2681 205-
1388 2606 1564 2702 309,
1610 2635 1759 2703 „qua
1813 2613 1885 2683 id
1941 2613 2161 2704 ipsum
2184 2622 2597 2685 momentum
2627 2615 3059 2704 proponitur.

717 2720 907 2812 Ergo
961 2731 1223 2794 tantum
1280 2720 1350 2792 in
1405 2720 1573 2793 Oed.
1631 2730 2044 2793 momentum
2097 2722 2389 2793 actionis
2443 2720 2816 2793 nectendae
2898 2722 3055 2810 ipsa

716 2829 944 2918 prima
996 2850 1248 2901 scaena
1301 2838 1493 2900 actus
1548 2828 1826 2900 secundi
1884 2851 1947 2899 v.
2014 2822 2163 2894 202
2195 2822 2430 2895 --286
2491 2826 2803 2915 efficitur,
2866 2829 3057 2901 cuius

719 2935 987 3020 initium
1040 2959 1106 3007 v.
1171 2930 1322 3007 202
1375 2936 1579 3007 simul
1635 2936 1905 3007 initium
1959 2938 2164 3008 totius
2222 2936 2509 3008 actionis
2546 2936 2746 3008 huius
2781 2935 3063 3007 fabulae

719 3052 843 3114 est.
906 3043 1139 3133 Itaque
1194 3044 1403 3116 etiam
1456 3044 1529 3114 in
1583 3043 1960 3135 tragoediis
2017 3043 2318 3116 Senecae
2371 3044 2634 3134 pariter
2691 3051 2894 3134 atque
2978 3045 3080 3114 in

718 3148 1075 3242 Euripidis
1128 3160 1540 3223 momentum
1596 3152 1884 3223 actionis
1937 3150 2313 3224 nectendae
2368 3172 2636 3243 semper
2691 3160 2880 3243 post
2919 3153 3064 3240 pri·

726 3278 906 3327 mum
965 3258 1312 3330 choricum
1366 3259 1662 3349 ponitur.

934 3471 1341 3562 Priusquam
1398 3471 1487 3544 ad
1541 3492 1659 3544 eas
1717 3474 2248 3564 progressioneS‚
2308 3494 2484 3565 quae
2538 3474 2613 3544 in
2652 3473 3067 3544 tractatione

720 3589 787 3651 et
843 3579 1285 3651 collocatione
1339 3580 1615 3651 illarum
1674 3580 1994 3669 partium,
2106 3580 2351 3669 quibus
2461 3580 2618 3657 finis
2678 3573 2940 3651 δέσεως
2997 3591 3067 3653 et

717 3686 987 3757 initium
1042 3678 1319 3756 λύσεως
1372 3687 1935 3770 determinantur,
1993 3688 2347 3759 observari
2406 3696 2708 3777 possunt,
2742 3708 2867 3758 nos
2901 3707 3062 3760 con-

717 3792 1083 3884 vertamus,
1130 3790 1278 3884 ,non
1332 3794 1456 3866 abs
1511 3815 1587 3865 re
1642 3795 1797 3884 erit,
1858 3795 1917 3867 si
1946 3795 2237 3866 strictim
2268 3796 2835 3867 introductionem
2869 3796 3063 3867 chori

718 3901 1225 3991 perlustremuS,
1285 3901 1829 3991 quandoquidem
1886 3902 1957 3971 in
2014 3902 2568 3979 antecedentibus
2647 3924 2799 3975 eam
2857 3923 3068 3994 saepe

720 4008 900 4079 ultra
956 4009 1287 4100 parodum
1342 4009 1664 4099 progredi
1722 3996 2180 4097 vidimus¹⁷⁹).

939 4178 1048 4259 ¹⁷⁸)
1094 4181 1189 4245 De
1229 4181 1626 4261 expositione
1674 4183 1739 4244 in
1834 4180 2108 4246 Senecae
2183 4182 2527 4263 tragoediis
2620 4182 3068 4252 constituenda

717 4267 930 4335 confer
977 4270 1123 4346 Le0,
1174 4270 1388 4336 Plaut.
1436 4269 1689 4336 Forsch.
1741 4271 1889 4335 adn.
1940 4272 1972 4330 1
2025 4271 2111 4336 ad
2157 4290 2218 4353 p.
2262 4271 2415 4334 196.

937 4354 1047 4437 ¹⁷⁹)
1092 4359 1403 4424 Parodum
1449 4378 1573 4424 non
1618 4366 1752 4425 tam
1789 4360 1871 4425 ad
1893 4361 2218 4443 prologum
2258 4362 2520 4442 aprimo
2543 4362 2822 4443 episodio
2845 4364 3065 4429 seiun-

715 4449 1012 4532 gendum,
1058 4468 1242 4530 quam
1292 4450 1375 4514 ad
1423 4448 1680 4514 chorum
1729 4449 1792 4515 in
1840 4450 2235 4532 tragoediam
2282 4450 2808 4527 introducendum
2893 4471 3064 4528 com-
