3417 5384
2576 472 2723 547 129

375 693 586 759 detur.
635 693 709 758 In
757 693 959 758 tribus
1006 696 1222 758 tamen
1266 692 1611 774 tragoediis
1657 689 1913 768 (Troad.
1966 688 2303 766 67—163,
2352 690 2517 755 Med.
2550 689 2723 753 562-

307 840 315 844 .
378 780 529 861 109,
578 782 736 848 Oed.
788 777 1165 862 llo—201)
1211 775 1518 864 [37¹l2‘so]
1608 781 1880 862 primum
1962 781 2276 846 eboricum
2349 786 2598 846 tantum
2645 780 2727 846 ad

375 878 561 938 actus
608 871 979 937 dividendos
1025 873 1216 937 valet.
1252 920 1260 925 -

1235 1072 1347 1143 Ad
1403 1095 1468 1164 p.
1532 1066 1870 1143 55-56,

595 1228 781 1309 Apud
829 1228 1153 1312 Senecam,
1191 1235 1266 1295 ut
1311 1229 1512 1311 prim‘a
1539 1230 1805 1310 cantica,
1828 1246 1991 1310 quae
2021 1227 2255 1307 parodo
2283 1227 2725 1294 Aristotelicae

380 1324 760 1400 aequantur,
807 1318 900 1383 ita
948 1320 1279 1401 sequentia
1327 1318 1606 1385 chorica,
1653 1337 1818 1400 quae
1866 1312 2126 1383 stasimo
2177 1318 2437 1384 Aristot.
2470 1337 2727 1400 respon·

380 1410 554 1482 dent,
603 1407 736 1472 fere
783 1426 1034 1489 semper
1079 1410 1145 1473 in
1191 1426 1421 1474 scaena
1468 1428 1505 1472 a
1557 1409 1842 1489 personis
1926 1404 2293 1476 vacuefacta
2373 1414 2724 1473 canuntur.

378 1499 544 1563 Nam
590 1516 628 1562 e
677 1493 761 1557 25
809 1497 1093 1576 choricis,
1185 1516 1350 1579 quae
1441 1497 1645 1580 apud,
1684 1516 1828 1562 eum
1908 1495 2188 1561 stasimis
2257 1497 2725 1579 tragoediarum

379 1587 767 1653 Graecarum
813 1587 1270 1670 adaequantur,
1320 1592 1571 1652 tantum
1619 1586 1743 1651 duo
1788 1584 1973 1666 (8¹70)
2034 1585 2101 1648 in
2148 1604 2377 1669 scaena
2422 1606 2461 1652 a.
2511 1606 2723 1668 perso-

377 1676 481 1742 nis
525 1695 649 1740 non
695 1675 1060 1742 vacuefacta
1107 1682 1434 1742 canuntur.
1488 1676 1659 1741 Haec
1706 1676 1953 1741 chorica
2002 1680 2185 1739 sunt:
2239 1676 2440 1757 Agam
2508 1674 2758 1739 807-‘

379 1763 531 1842 866,
579 1765 687 1831 ubi
735 1765 922 1831 choro
969 1772 1239 1831 canente
1286 1765 1646 1832 Cassandra
1696 1786 1760 1831 in
1808 1784 2038 1831 scaena
2121 1767 2361 1831 versari
2454 1766 2724 1843 videtur,

378 1856 562 1921 Herc.
614 1853 799 1933 (fur.)
849 1854 1310 1935 1053-1137‚
1358 1857 1467 1921 ubi
1513 1856 1700 1921 choro
1750 1860 2016 1921 canente
2065 1855 2401 1932 Hercules,
2449 1856 2724 1938 Amphy-

380 1946 524 2022 tri0,
573 1945 854 2011 Theseus
899 1946 964 2011 in
1012 1963 1239 2027 ssaena
1285 1951 1781 2012 commorantur.
1834 1945 1998 2025 Ergo
2048 1950 2272 2026 poetae
2359 1946 2728 2026 posterioris

381 2035 618 2100 aetatis
663 2052 854 2115 quan
897 2037 1173 2101 maxime
1222 2035 1479 2101 chorum
1525 2036 1591 2100 in
1638 2052 1866 2101 scaena
1911 2053 1950 2098 a
1996 2035 2282 2116 personis
2357 2035 2726 2100 vacuefacta

362 2125 627 2189 ,cantica
674 2124 756 2188 ad
801 2130 982 2191 actus
1028 2125 1477 2207 disiungendos
1523 2143 1749 2191 canere
1786 2124 2101 2189 volebant.
2196 2123 2372 2201 Quae
2429 2126 2568 2188 eum
2636 2125 2722 2190 ita

381 2214 549 2279 sint..
577 2215 766 2279 verba
815 2215 1093 2293 Domitii,
1144 2233 1307 2296 quae
1354 2216 1489 2279 sine
1537 2215 1725 2280 dubio
1817 2215 1898 2279 ad
1989 2213 2263 2294 tragicos
2356 2214 2724 2293 posterioris

381 2303 617 2369 aetatis
664 2309 978 2386 spectant,
1026 2305 1092 2369 in
1137 2305 1494 2370 universum
1541 2312 1720 2371 recte
1769 2322 1838 2369 se
1886 2303 2146 2379 habent,
2241 2298 2494 2368 etiamsi
2584 2304 2724 2385 ipsa

381 2399 678 2457 accurate
723 2411 847 2483 non
893 2395 1237 2476 premenda
1284 2398 1429 2460 e‘sse
1475 2395 1584 2459 illa
1630 2396 1753 2459 duo
1800 2392 2073 2470 chorica‚
2125 2411 2287 2473 quae
2334 2411 2520 2474 supra
2562 2412 2696 2456 eom

380 2483 740 2556 memoravi,
790 2482 1040 2548 docent·
1072 2483 1198 2550 Sed
1220 2482 1616 2564 proferamus
1662 2486 1804 2566 ipsa
1848 2483 2043 2548 verba
2091 2482 2367 2547 Donati:
2426 2488 2563 2560 „est
2609 2483 2719 2562 igi·

381 2576 488 2636 tur
531 2576 779 2636 attente
825 2573 1474 2654 animadvertendum,
1521 2574 1628 2639 ubi
1675 2579 1741 2638 et
1787 2572 2037 2654 quando
2084 2590 2311 2637 scaena
2359 2590 2553 2635 vacua
2638 2572 2724 2635 sit

382 2662 461 2726 ab
491 2661 817 2726 omnibus
842 2663 1148 2743 personis,
1196 2663 1287 2727 ita
1334 2668 1407 2727 ut
1451 2663 1516 2726 in
1563 2682 1639 2726 ea
1686 2663 1911 2726 chorus
1957 2661 2056 2726 vel
2128 2661 2361 2725 tibicen
2431 2659 2722 2725 obaudiri

382 2750 646 2833 possint,
697 2751 864 2832 quod
910 2771 1050 2817 cum
1098 2751 1464 2828 viderimuS‚
1509 2752 1594 2816 ibi
1642 2758 1853 2817 actum
1899 2769 2041 2816 esse
2088 2750 2341 2815 finitum
2424 2750 2722 2814 debemus

381 2857 722 2922 agnoscere
767 2840 1003 2919 (Praef.
1055 2838 1344 2920 Andr.)“.

595 2928 805 3010 Atque
851 2931 1096 2996 cantica
1143 2937 1288 3013 post
1332 2930 1601 3012 primum
1649 2931 1962 2995 canticum
2008 2930 2214 3012 posita
2235 2929 2403 3010 apud
2424 2929 2724 2994 Senecam

379 3018 623 3101 pariter
666 3016 861 3100 atque
908 3021 1172 3085 stasima
1252 3020 1721 3102 tragoediarum
1804 3019 2205 3086 Graecorum.
2281 3025 2723 3100 praeterquam

379 3109 545 3189 quod
594 3127 779 3173 unam
826 3115 1077 3192 partem
1122 3112 1203 3175 ab
1250 3110 1458 3175 altera
1506 3110 1772 3175 actionis
1861 3106 2253 3173 histrionalis
2335 3109 2721 3189 disiungunt,

379 3199 575 3264 etiam
622 3199 705 3267 ad
750 3201 1127 3265 vestimenta
1174 3199 1498 3275 mutanda,
1549 3199 1631 3263 ad
1679 3199 1958 3281 speciem
1977 3199 2070 3261 rei
2095 3197 2299 3262 factae
2326 3198 2700 3262 servandam

378 3289 460 3352 ad
506 3293 842 3370 utramque
889 3308 1042 3364 rem,
1093 3288 1379 3354 adhibita
1406 3306 1550 3354 esse
1578 3289 1892 3354 videntur.
1941 3287 2038 3352 Ex
2087 3287 2170 3348 ‘35
2216 3286 2291 3350 ch
2305 3287 2489 3352 oricis
2538 3287 2727 3352 Sene·
2850 3368 2855 3373 μ

379 3395 509 3456 cae,
557 3396 721 3459 quae
768 3378 1048 3445 stasimis
1094 3374 1358 3444 Graecis
1403 3378 1807 3459 respondent,
1861 3375 1899 3438 6
1946 3369 2167 3459 (24010)
2214 3377 2296 3440 ad
2346 3376 2722 3440 vestimenta

379 3468 701 3544 mutanda,
752 3468 792 3529 9
842 3463 1161 3551 (36⁹l0iad
1209 3468 1483 3550 speciem
1528 3468 1622 3531 rei
1668 3466 1880 3533 factae
1927 3465 2321 3541 servandam,
2401 3466 2439 3526 4
2512 3459 2727 3547 (1601.)

379 3557 462 3622 ad
508 3562 845 3639 utramque
890 3576 1024 3623 rem
1073 3558 1420 3640 composita
1467 3572 1611 3623 esse
1640 3557 1952 3622 videntur.
2004 3552 2280 3621 Restant
2327 3573 2488 3636 ergo
2511 3554 2548 3613 6
2589 3554 2724 3618 cho·

378 3647 509 3711 rica
560 3640 795 3729 (24⁰1.)‚
844 3665 1008 3728 quae
1057 3653 1308 3713 tantum
1353 3648 1441 3712 ad
1487 3652 1667 3713 actus
1716 3647 2135 3729 seiungendos
2182 3646 2399 3710 valent
2469 3644 2724 3725 Singula

379 3735 626 3802 chorica
674 3734 870 3818 signis
918 3737 1228 3801 instructa
1274 3737 1556 3802 invenies
1603 3738 1669 3801 in
1718 3736 2067 3819 appendice
2105 3737 2248 3799 huic
2269 3735 2468 3817 dissp.
2488 3734 2724 3798 addita.

1238 3942 1351 4012 Ad
1403 3965 1470 4035 p.
1536 3936 1875 4013 62—63.

589 4111 787 4176 Actus
831 4109 1023 4177 medii
1070 4118 1233 4195 trag.
1284 4111 1429 4177 Sen.
1480 4130 1680 4193 aeque
1774 4118 1967 4194 atque
2045 4114 2325 4196 episodia
2374 4119 2534 4196 trag.
2611 4114 2727 4179 Gr.

376 4219 628 4283 semper
673 4201 756 4266 ab
802 4202 1071 4267 introitu
1160 4202 1539 4267 histrionum
1632 4201 2019 4284 incipiuntur
2109 4208 2305 4285 atque
2355 4222 2467 4284 per
2512 4222 2728 4270 eorum

376 4290 622 4356 abitum
666 4289 1078 4356 definiuntur:
1128 4291 1466 4357 intercedit
1512 4296 1728 4356 tamen
1775 4293 1944 4356 inter
1990 4311 2065 4358 ea
2086 4293 2152 4357 id
2174 4293 2530 4370 discrimen,
2566 4292 2731 4374 quod

378 4380 549 4463 apud
597 4379 902 4446 Senecam
949 4381 1135 4463 paulo
1183 4399 1366 4446 secus
1414 4385 1609 4461 atque
1700 4382 1872 4462 apud
1967 4386 2187 4463 poetas
2257 4381 2534 4447 Graecos
2582 4387 2729 4447 actu

375 4469 565 4534 finito
615 4488 864 4551 semper
910 4487 1126 4535 omnes
1172 4471 1514 4536 histriones
1562 4489 1860 4536 scaenam
1907 4471 2287 4551 relinquunt.
2338 4471 2435 4535 Ex
2480 4472 2598 4536 hac
2635 4490 2732 4536 re·

2593 4606 2627 4659 9
