3417 5384
2653 473 2751 546 45

408 691 901 764 intermittendi
959 692 1186 781 gratia
1229 693 1605 780 composita
1651 713 1812 763 esse.
1848 690 2229 779 videantur,
2272 711 2438 779 ergo
2491 699 2755 761 tantum

410 799 498 871 ad
551 800 872 888 prologos
914 815 947 863 a
988 799 1230 888 primis
1278 797 1601 886 episodiis
1641 797 2090 887 seiungendos
2128 799 2275 869 sive
2331 796 2418 868 ad
2474 798 2753 869 chorum

407 905 988 994 introducendum,
1048 904 1227 993 quod
1281 904 1462 975 idem
1517 915 1640 983 est,
1700 905 1961 976 inserta
2025 926 2173 976 esse
2228 893 2749 988 videantur10'2).

620 1012 889 1084 Deinde
938 1033 1220 1083 numero
1275 1020 1580 1083 actorum
1662 1011 1751 1084 ad
1833 1021 1972 1083 tres
2056 1022 2255 1082 aucto
2337 1010 2541 1083 facile
2594 1009 2750 1080 fieri

407 1120 643 1209 potuit,
703 1127 775 1188 ut
832 1136 1124 1203 persona
1180 1118 1518 1207 quaedam
1589 1126 1708 1189 aut
1761 1118 1847 1190 ob
1925 1126 2175 1190 statum
2242 1139 2494 1207 rerum,
2553 1138 2751 1205 quem

382 1226 676 1296 ,initium
732 1227 843 1297 vel
898 1226 1219 1314 prologus
1274 1225 1669 1314 tragoediae
1726 1225 1939 1314 ponit,
1999 1233 2113 1296 aut
2165 1234 2548 1314 propterea,
2590 1224 2747 1312 quia

384 1333 559 1422 ipsa
612 1333 883 1422 prologi
941 1333 1230 1404 actionis
1274 1333 1624 1421 particeps
1675 1333 1886 1403 etiam
1921 1332 2154 1402 statim
2208 1340 2360 1421 post
2415 1330 2749 1421 parodnm

410 1460 614 1528 agere
688 1439 1000 1527 debebat,
1076 1440 1149 1509 in
1223 1459 1474 1511 scaena
1548 1440 1756 1510 choro
1829 1439 2212 1510 introeunte
2289 1447 2745 1527 permaneret,

407 1544 585 1617 unde
634 1544 856 1617 forma
910 1545 1152 1636 parodi
1202 1567 1252 1615 a
1310 1546 1574 1617 cantico
1615 1546 1806 1616 chori
1845 1546 1919 1615 in
1956 1566 2206 1616 scaena
2262 1565 2483 1615 vacua
2540 1565 2747 1633 agen-

407 1654 496 1724 tis
551 1654 623 1723 in
642 1680 651 1721 .·
679 1654 1087 1740 colloquium
1143 1653 1335 1724 chori
1391 1673 1544 1723 cum
1598 1653 1936 1724 histrione
2002 1659 2551 1723 commutaretur.
2613 1650 2746 1721 Ta·

406 1780 561 1830 men
615 1759 835 1831 forma
889 1760 1014 1830 illa
1068 1759 1319 1830 veteris
1375 1759 1644 1848 parodi,
1702 1779 1879 1847 quae
1951 1781 1995 1830 a
2076 1760 2285 1830 choro
2341 1759 2485 1830 solo
2543 1779 2743 1829 cane-

406 1868 629 1953 batur,
707 1874 903 1938 tanta
973 1868 1345 1955 gravitate,
1413 1874 1486 1935 ut
1565 1867 1939 1954 tralaticia,
2027 1866 2207 1955 apud
2282 1875 2518 1954 poetas
2590 1873 2746 1954 post

404 1973 877 2063 Phrynichum
947 1972 1275 2044 florentes
1347 1972 1556 2043 fuisse
1630 1973 1920 2062 videtur,
1978 1982 2052 2043 ut
2106 1973 2180 2042 in
2234 1972 2546 2043 omnibus
2600 1981 2744 2042 tra—

407 2079 668 2170 goediis
743 2079 1148 2171 Aeschyleis
1194 2088 1501 2168 ,excepto
1577 2079 1982 2154 Prometheo
2054 2080 2211 2169 pari
2286 2078 2484 2150 modo
2542 2087 2745 2167 atque

406 2189 477 2257 in
531 2185 907 2275 tragoediis
980 2187 1326 2258 veteribus
1401 2185 1798 2276 Sophocleis
1873 2186 2135 2257 scilicet
2220 2186 2462 2264 Aiace,
2554 2185 2745 2270 Ant.‚

406 2291 577 2366 Oed.
635 2293 746 2382 R,
806 2293 1054 2364 Trach.
1113 2293 1337 2364 forma
1410 2294 1816 2365 commatica
1887 2293 1956 2364 h.
2036 2314 2094 2363 e.
2177 2293 2495 2381 colloquii
2552 2293 2748 2363 chori

406 2422 558 2471 cum
630 2401 963 2472 histrione
1033 2420 1312 2489 prorsus
1383 2401 1883 2489 neglegeretur.
1971 2399 2199 2487 Atque
2270 2401 2343 2471 in
2396 2399 2744 2471 nonnullis

401 2508 647 2578 harum
732 2505 1242 2595 tragoediarum
1314 2506 1561 2578 histrio
1634 2506 1916 2595 quidam
1991 2508 2062 2578 in
2136 2527 2386 2578 scaena
2461 2527 2746 2578 versans

404 2614 611 2685 choro
667 2614 1049 2685 introeunte
1104 2613 1309 2685 facile
1361 2613 1694 2702 parodum
1762 2614 2235 2685 commaticam
2291 2613 2570 2685 efficere
2624 2635 2743 2703 po·

402 2721 553 2791 tuit.
611 2719 720 2791 Ita
774 2720 849 2790 in
903 2719 1154 2791 Aesch.
1197 2720 1449 2809 Agam.
1509 2741 1551 2790 a
1603 2742 1669 2790 v.
1736 2715 1831 2785 83
1893 2717 2067 2810 Clyt.
2133 2721 2207 2791 in
2241 2741 2502 2792 scaena
2555 2721 2746 2791 inve-

403 2828 612 2914 nitur,
673 2827 746 2897 in
804 2826 1088 2917 Ghoeph
1171 2826 1456 2898 Electra
1509 2827 1711 2898 simul
1761 2847 1912 2897 cum
1953 2828 2160 2898 choro
2199 2849 2265 2897 v.
2313 2821 2405 2891 22
2450 2826 2526 2896 in
2562 2847 2744 2897 scae·

402 2956 565 3006 nam
617 2933 870 3024 prodit,
957 2935 1030 3003 in
1112 2932 1283 3005 Oed.
1361 2933 1445 3003 R.
1525 2933 1818 3022 denique
1891 2932 2197 3024 Oedipus
2251 2955 2315 3003 v.
2383 2927 2533 2999 150
2592 2932 2750 3022 pari

405 3041 605 3113 modo
661 3050 863 3129 atque
917 3041 993 3110 in
1047 3039 1298 3111 Trach.
1368 3039 1703 3111 Deianira
1798 3063 1865 3110 v.
1931 3036 2029 3109 94
2085 3041 2369 3130 prologo
2424 3039 2622 3111 finito
2677 3041 2751 3110 in

364 3169 655 3220 ‚scaena
713 3148 918 3218 choro
975 3148 1359 3219 introeunte
1429 3156 1808 3236 permanet.
1879 3147 2118 3235 Itaque
2176 3168 2328 3218 cum
2383 3157 2624 3236 poetae
2681 3148 2754 3217 in

404 3256 516 3326 his
569 3253 947 3344 tragoediis
979 3255 1285 3325 consulto
1305 3253 1599 3324 formam
1656 3254 2130 3325 commaticam
2168 3253 2560 3342 effugerint,
2620 3254 2750 3324 etsi

406 3362 550 3432 eius
603 3359 1007 3432 efficiendae
1033 3369 1608 3451 peropportunam
1645 3360 2109 3432 occassionem
2146 3360 2533 3449 habuerint,
2590 3380 2749 3431 con-

408 3467 703 3539 fidenter
758 3467 1294 3538 concludendum
1372 3477 1496 3548 est,
1556 3467 1748 3537 illam
1798 3467 2226 3538 commticam
2283 3466 2573 3538 formam
2627 3488 2749 3556 pa·

406 3571 582 3663 rodi,
641 3595 847 3663 quam
901 3575 974 3643 in
1030 3575 1260 3645 Prom.
1335 3568 1747 3644 130—208
1814 3574 2222 3663 invenimus,
2283 3573 2751 3663 exceptionem

408 3703 447 3751 e
501 3681 742 3770 regula
797 3700 967 3751 esse.
1047 3678 1236 3767 Quae
1292 3681 1602 3770 exceptio
1676 3681 1824 3751 sine
1898 3680 2102 3753 dubio
2168 3681 2233 3752 ei
2289 3681 2391 3751 rei
2446 3679 2750 3770 debetur,

630 3903 733 3981 10²)
786 3901 964 3969 Unde
1010 3904 1329 3971 eboricum
1375 3903 1690 3984 quoddam
1740 3903 1820 3968 ad
1854 3903 2142 3983 *speciem
2223 3904 2317 3967 rei
2364 3902 2572 3968 factae
2619 3920 2746 3966 ser-

410 3994 680 4060 vandam
717 3993 1136 4068 compositum
1166 4010 1306 4059 esse
1345 3991 1842 4059 concludendum
1879 3992 1995 4060 sit,
2031 3990 2220 4057 facile
2248 3997 2465 4073 partes
2496 3992 2760 4056 actionis

409 4083 798 4149 histrionalis
843 4082 999 4147 illud
1045 4082 1528 4148 circumstantes
1574 4081 1812 4162 legenti
1858 4082 2221 4162 apparebit.
2315 4081 2496 4158 Quod
2542 4086 2760 4144 autem

411 4173 494 4238 ad
557 4172 938 4238 vestimenta
1000 4171 1308 4236 mutanda
1356 4171 1656 4252 pertinet,
1705 4188 1896 4249 quam
1944 4170 2451 4236 distributionem
2544 4187 2758 4250 perso·

411 4280 634 4327 narum
679 4261 849 4326 inter
866 4260 1209 4325 histriones
1228 4260 1295 4324 in
1341 4259 1624 4342 singulas
1669 4259 2036 4340 tragoedias
2084 4263 2340 4324 secutus
2369 4258 2510 4335 sim,
2561 4275 2758 4338 uppa-

410 4356 513 4416 ret
558 4368 636 4414 ex
681 4349 1216 4427 annotationibuS,
1266 4367 1425 4429 quas
1471 4349 1554 4415 ad
1601 4348 2023 4428 appendicem
2068 4348 2212 4412 huic
2306 4347 2557 4411 dissert.
2646 4346 2758 4411 ad-

413 4440 612 4504 ditam
667 4438 958 4516 ascripsi.
2609 4476 2612 4479 >
