3417 5384
2793 493 2935 593 101

602 724 859 787 struere
913 738 1052 787 non
1107 718 1399 788 veritum
1455 739 1622 798 esse,
1687 719 2064 807 posteriore
2119 727 2343 789 autem
2427 727 2731 803 tempore
2789 726 2942 788 tan-

600 834 734 893 tum
792 833 945 914 post
998 826 1348 895 introitum
1406 826 1596 895 chori
1631 819 1870 907 (veluti
1927 827 1996 895 in
2053 826 2191 913 E1.,
2234 825 2509 915 Trach,
2552 824 2719 897 Oed.
2767 822 2940 914 Col,

601 928 809 1012 Phil)
866 933 1193 1021 posuisse.
1242 967 1336 977 —-
1384 931 1703 1003 Ceterum
1753 941 1991 1007 notatu
2050 922 2328 1022 dignum
2368 942 2488 1022 est,
2550 932 2726 1020 quod
2786 952 2939 1021 pro·
3009 963 3020 977 ·

603 1039 739 1127 logi
798 1037 1157 1130 Sophoclei
1215 1040 1287 1108 in
1343 1040 1738 1112 universum
1795 1039 2084 1111 formam
2143 1041 2462 1129 colloquii
2546 1040 2676 1110 sibi
2764 1039 2938 1111 asci-

603 1147 785 1217 visse
840 1147 1182 1218 videntur.
1249 1147 1355 1216 Ex
1417 1169 1549 1236 qua
1588 1169 1663 1218 re
1701 1148 2041 1237 excipitur
2079 1149 2345 1217 initium
2383 1149 2649 1236 prologi
2688 1146 2936 1217 Trach.

617 1248 745 1317 l--·
766 1247 866 1318 48
929 1263 995 1324 et
1050 1254 1232 1324 Phil.
1302 1249 1581 1337 1-25,
1639 1256 1757 1327 ubi
1812 1266 2013 1345 poeta
2096 1257 2402 1325 oratione
2456 1276 2614 1326 usus
2672 1242 2937 1341 est¹7⁰).

821 1361 1255 1450 Consequens
1313 1371 1436 1451 est,
1497 1371 1569 1432 ut
1625 1363 1999 1451 videamus,
2082 1382 2212 1450 quo
2294 1374 2493 1451 pacto
2577 1360 2943 1450 Euripides

609 1469 1092 1558 expositionem
1148 1478 1214 1538 ct
1272 1480 1677 1540 momentum
1738 1471 2024 1541 actionis
2090 1469 2465 1545 nectendae
2522 1477 2943 1558 pertractare

609 1577 842 1647 solitus
899 1577 1008 1647 sit.
1070 1575 1288 1664 Quam
1345 1598 1488 1647 rem
1523 1586 1616 1646 ·ut
1674 1577 1964 1649 feliciter
2022 1578 2476 1666 absolvamuS,
2520 1586 2677 1649 ante
2715 1575 2944 1647 omnia

611 1682 1051 1757 conformatio
1134 1685 1565 1774 prologorum
1649 1685 2178 1774 Euripideorum
2260 1683 2736 1774 perspicienda
2819 1691 2941 1754 est.

611 1790 832 1879 Atque
886 1792 1025 1862 iam
1080 1793 1303 1882 primo
1360 1792 1592 1861 obtutu
1653 1793 1967 1881 cognosci
2024 1800 2263 1880 potest,
2325 1793 2396 1862 in
2435 1793 2522 1861 iis
2559 1812 2711 1861 eum
2765 1791 2945 1862 hanc

611 1898 826 1986 legem
882 1899 1042 1969 inde
1099 1900 1185 1970 ab
1242 1899 1592 1971 Alcestide
1645 1920 1857 1988 usque
1912 1898 2000 1970 ad
2052 1899 2366 1970 Bacchas
2424 1907 2724 1969 secutum
2772 1917 2940 1978 esse,

611 2013 681 2074 ut
736 2007 822 2076 ab
880 2028 1012 2077 uno
1069 2007 1426 2096 soliloquio
1472 2006 1969 2095 inciperentur.
2032 2006 2463 2094 Atquecum
2520 2007 2592 2075 in
2647 2003 2943 2075 Bacchis

611 2120 675 2181 et
730 2111 962 2203 Suppl.
1023 2115 1152 2185 hoc
1209 2115 1563 2203 soliloquio
1623 2115 1941 2204 prologus
2000 2113 2084 2184 ad
2142 2114 2344 2184 finem
2408 2112 2773 2202 perductus
2831 2111 2941 2197 sit,

613 2220 681 2288 in
738 2222 983 2293 ceteris
1039 2222 1350 2293 omnibus
1425 2211 1568 2293 eilfs
1651 2221 2025 2311 tragoediis
2107 2222 2288 2292 ultra
2363 2221 2435 2291 id
2516 2220 2945 2307 soliloquium

611 2329 933 2416 procedit.
977 2329 1084 2399 Ita
1123 2332 1190 2400 in
1242 2329 1549 2411 Heracl,
1596 2328 1834 2416 Herc,
1860 2327 2349 2419 Iphigfsaur„
2384 2328 2668 2407 Phoen.,
2702 2325 2945 2399 Oreste

613 2437 930 2525 prologus
985 2456 1108 2527 per
1166 2437 1569 2527 colloquium
1624 2446 2046 2526 propagatur
2101 2457 2313 2525 eoque
2388 2434 2476 2504 ad
2531 2433 2732 2504 finem
2790 2453 2944 2522 per-

615 2541 900 2615 ducitur.
964 2545 1042 2613 In
1098 2545 1587 2615 Andromacha
1645 2551 1890 2630 autem,
1952 2542 2226 2630 Troad.,
2287 2541 2426 2630 El,
2486 2540 2638 2611 Hel.
2693 2558 2780 2611 ne
2817 2539 2948 2609 hoc

615 2650 883 2737 quidem
941 2653 1274 2740 colloquio
1331 2654 1652 2741 prologus
1710 2650 2156 2727 concluditur,
2218 2671 2366 2721 cum
2425 2649 2513 2718 ad
2597 2647 2667 2717 id
2745 2647 2948 2717 collo·

615 2758 842 2844 quium
898 2780 1102 2830 unum
1161 2752 1384 2850 μέλος
1440 2749 1584 2823 ἀπὸ
1645 2761 1929 2843 σκηνῆς
1988 2757 2290 2828 accedat.
2353 2755 2605 2826 Contra
2662 2755 2733 2825 in
2774 2753 2943 2823 Hec.

616 2873 679 2933 et
750 2864 915 2934 Ione
986 2866 1087 2936 illi
1165 2868 1547 2955 soliloquio,
1624 2865 1803 2934 unde
1884 2866 2205 2954 prologus
2277 2863 2635 2953 incipitur,
2720 2862 2949 2932 statim

615 2965 837 3061 μέλος
865 2961 1009 3038 ἀπὸ
1041 2978 1326 3057 σκηνῆς
1375 2973 1768 3065 adiungitur
1809 2991 2019 3061 eoque
2060 2973 2119 3042 is
2160 2981 2248 3046 ad
2285 2972 2491 3043 finem
2530 2969 2947 3060 perducitur.

615 3078 729 3148 Ex
760 3080 870 3150 his
924 3081 1143 3151 tribus
1198 3082 1568 3168 clementis,
1631 3079 1874 3168 quibus
1928 3080 2196 3170 prologi
2225 3077 2583 3168 Euripidei
2614 3083 2950 3155 constant,

616 3187 1063 3278 soliloquium,
1106 3189 1304 3276 quod,
1346 3198 1419 3258 ut
1456 3189 1621 3275 dixi,
1665 3208 1898 3258 omnes
1927 3187 2324 3276 tragoediae
2353 3186 2627 3273 habent,
2659 3183 2952 3279 ,strictim

616 3293 755 3364 fere
812 3296 1040 3365 omnia
1095 3292 1723 3388 προπεπραγμένα
1779 3295 2083 3383 praebet,
2145 3294 2386 3382 quibus
2445 3292 2954 3367 fundamentum

620 3393 879 3472 δέσεως
936 3402 1247 3473 efficitur.
1309 3404 1533 3492 Atque
1589 3400 1929 3472 interdum
2021 3403 2089 3470 in
2168 3401 2300 3471 hac
2363 3400 2586 3489 prima
2652 3398 2959 3475 oratione

617 3510 796 3579 ultra
853 3495 936 3573 τὰ
990 3509 1617 3601 προπεπραγμένα
1671 3509 1948 3597 procedi
2003 3509 2439 3599 permittitur,
2520 3508 2584 3577 si⁴
2633 3524 2951 3596 persona,

621 3637 791 3703 quae
846 3617 1049 3687 istam
1104 3618 1532 3707 pronunciat,
1593 3637 1802 3706 supra
1856 3617 2204 3688 hominum
2261 3616 2443 3687 vires
2499 3625 2621 3684 est.
2665 3612 2768 3682 De
2823 3632 2958 3700 qua

621 3745 695 3793 re
752 3723 836 3793 cf.
900 3724 1107 3814 Hipp.
1172 3718 1509 3812 43—50,
1570 3724 1738 3794 Hec.
1803 3719 2141 3800 45-49,
2187 3724 2307 3793 Ion
2352 3718 2445 3786 69
2488 3742 2656 3810 seq,
2701 3718 2953 3789 Bacch.

622 3825 958 3900 47—54.
1018 3831 1253 3920 Itaque
1310 3833 1669 3920 soliloquia
1706 3832 2139 3921 prologorum
2178 3828 2719 3918 Euripedeorum
2756 3847 2961 3913 quam

622 3938 914 4009 maxime
967 3941 1230 4010 muneri
1290 3939 1734 4028 expositionis
1773 3940 2173 4009 inserviunt.
2216 3937 2296 4007 In
2338 3936 2672 4023 colloquio
2711 3942 2956 4012 autem,

626 4046 744 4117 illo
802 4047 1017 4117 altero
1070 4048 1405 4133 ,elemento
1463 4048 1896 4138 prologorum
1971 4045 2521 4134 Euripideorum,
2603 4062 2734 4131 quo
2809 4050 2962 4110 tan-

841 4310 951 4386 170)
1002 4313 1096 4375 De
1143 4312 1525 4374 tractatione
1573 4308 1981 4386 expositionis
2029 4311 2095 4370 et
2143 4306 2321 4370 initio
2370 4304 2637 4368 actionis
2700 4301 2968 4382 Sophoc-

624 4401 863 4464 learum
910 4398 1268 4464 fabularum
1317 4399 1585 4463 strictim
1633 4398 1918 4478 disputat
1966 4397 2116 4475 Leo,
2167 4395 2373 4473 Plaut.
2425 4392 2678 4458 Forsch.
2714 4410 2772 4472 p.
2819 4389 2967 4483 173,

624 4491 729 4560 ubi
775 4490 916 4554 adn.
969 4486 1008 4548 2
1056 4509 1179 4554 non
1227 4487 1616 4572 neglegenda
1656 4493 1773 4562 est.
