3417 5384
689 474 835 550 122

677 698 974 786 quinque
1028 710 1295 797 actuum
1353 700 1573 788 ipsum
1630 699 1940 768 ultimum
1995 720 2078 768 ac
2132 698 2514 768 naturalem
2595 696 2797 766 finem
2882 697 3020 766 eius

679 806 1200 894 progressionis,
1293 828 1471 894 quae
1553 807 1624 874 in
1706 806 2153 876 collocatione
2233 816 2300 876 et
2383 806 2791 875 tractatione
2883 806 3024 874 eius

678 910 941 1003 μέρους
995 913 1397 999 ostenditur,
1456 902 2130 1003 repraaeenmre¹99).
2193 912 2450 983 Tamen
2515 911 2873 1000 quominus
2955 911 3022 980 id

678 1018 980 1106 credam,
1040 1041 1191 1090 cum
1248 1019 1319 1089 id
1374 1019 1618 1093 obstet,
1674 1020 1853 1108 quod
1915 1020 2318 1090 Aristoteles
2357 1019 2576 1108 ipsam
2615 1017 3018 1106 doctrinam,

680 1135 749 1194 ut
803 1147 843 1195 e
881 1124 959 1196 C.
990 1121 1085 1191 12
1106 1129 1195 1196 A.
1218 1127 1297 1196 P.
1322 1136 1631 1217 apparet,
1656 1128 1946 1215 ignoret.
2003 1137 2144 1196 tum
2201 1127 2324 1195 illa
2379 1127 2510 1210 vis,
2568 1145 2744 1213 quae
2800 1125 3017 1194 edoc-

674 1234 861 1303 trina
896 1234 1193 1322 quinque
1248 1244 1519 1306 actuum
1575 1235 1756 1304 actui
1813 1235 2015 1304 tertio
2033 1234 2374 1322 tribuitur,
2400 1233 2630 1321 aliquo
2652 1231 2851 1302 modo
2871 1253 3021 1302 cum

674 1340 755 1410 C.
822 1335 915 1406 18
972 1341 1059 1410 Α.
1118 1341 1199 1410 Ρ.
1258 1342 1625 1412 cohaerere
1660 1340 1948 1410 videtur.
1991 1341 2204 1410 Immo
2225 1362 2387 1410 vero
2424 1350 2722 1410 sectator
2741 1338 3018 1427 quidam

674 1447 1068 1518 Aristotelis
1123 1449 1270 1520 sive
1324 1448 1470 1518 eius
1522 1448 1720 1518 Artis
1775 1448 2091 1518 Poeticae
2144 1468 2297 1517 eam
2352 1448 2422 1516 iu
2453 1440 2658 1510 δέσιν
2695 1459 2764 1517 01
2793 1440 3018 1509 λύσιν

675 1556 1112 1643 partitionem
1168 1555 1644 1643 dramaticum,
1701 1575 1905 1644 quam
1963 1553 2042 1625 C.
2105 1548 2201 1620 18
2257 1554 2565 1643 praebet,
2623 1555 2695 1622 in
2741 1565 3010 1643 tragoe-

673 1659 809 1731 diis
862 1661 1258 1752 Euripideis
1310 1684 1391 1734 eo
1447 1662 1734 1733 consilio
1787 1652 2142 1751 adhibens,
2200 1671 2274 1731 111
2330 1661 2632 1749 aliquam
2679 1661 3012 1732 rationem

670 1768 854 1841 inter
906 1790 1056 1840 eam
1111 1779 1181 1839 et
1230 1791 1586 1840 numerum
1640 1769 2063 1858 singularum
2119 1769 2417 1858 partium
2499 1768 2789 1839 actionis
2869 1769 3009 1838 his-

674 1877 990 1948 trionalis
1046 1877 1509 1957 constitueret,
1569 1875 1774 1946 facile
1827 1898 1908 1946 eo
2015 1877 2376 1966 pervenire
2485 1877 2724 1965 potuit,
2815 1886 2888 1944 ut
2941 1875 3014 1944 id

673 1982 913 2075 μέρος,
970 2005 1101 2072 quo
1156 2006 1195 2054 e
1249 1983 1585 2056 sententia
1657 1983 2100 2054 Aristotelica
2208 1976 2406 2050 δέσις
2514 1981 2857 2067 definitur,
2945 1992 3015 2051 ut

668 2111 833 2180 pars
888 2112 1011 2181 per
1066 2114 1140 2163 se
1192 2091 1439 2181 posita,
1501 2111 1706 2180 quam
1761 2100 1904 2161 tota
1995 2091 2175 2161 actio
2259 2089 2671 2161 antecedens
2746 2089 3015 2161 efficere

674 2197 913 2269 studet·
950 2198 1288 2286 undeque
1340 2207 1484 2270 tota
1538 2198 1718 2269 actio
1771 2219 2061 2286 sequens
2114 2197 2388 2286 pendet,
2448 2198 2535 2267 ab
2591 2198 2747 2287 ipsa
2821 2191 3012 2260 ὃέσει

674 2315 1051 2395 separaret,
1107 2306 1194 2377 ob
1249 2326 1533 2395 eamque
1587 2325 1888 2394 causam,
1948 2327 2098 2376 cum
2154 2306 2284 2375 hoc
2339 2303 2557 2397 μέρος
2597 2303 2777 2393 apud
2807 2303 3012 2373 Euri·

671 2412 902 2500 pidem
959 2423 1244 2503 excepta
1273 2412 1622 2484 Alcestide
1642 2433 1910 2501 semper
1929 2412 1999 2482 in
2020 2412 2227 2483 tertia
2263 2436 2303 2481 a
2330 2412 2467 2482 fine
2485 2422 2684 2501 parte
2722 2412 3016 2482 actionis

672 2520 1106 2591 histrionalis
1161 2521 1453 2610 positum
1507 2530 1708 2601 esset,
1748 2519 1838 2589 ab
1875 2529 2161 2608 utraque
2189 2529 2383 2608 parte
2412 2519 2675 2618 duabus
2702 2518 3018 2609 partibus

672 2627 963 2698 actionis
1016 2627 1444 2699 histrionalis
1500 2626 2157 2699 ci-rcumcludendum
2215 2648 2365 2697 esse
2444 2635 2792 2714 statueret,
2878 2646 3021 2714 qua

670 2754 821 2803 cum
878 2755 957 2805 re
1013 2735 1215 2805 simul
1272 2736 1493 2824 ipsam
1549 2733 1930 2804 doctrinam
1989 2744 2259 2805 actuum
2316 2736 2384 2802 111
2422 2733 2795 2822 tragoediis
2852 2753 3034 2827 con1
3095 2720 3104 2729 “

671 2842 980 2911 stitutam
1037 2863 1185 2912 esse
1240 2862 1376 2912 non
1431 2841 1836 2911 incredibile
1891 2851 2036 2917 est„
2075 2838 2268 2928 Quod
2323 2841 2382 2910 si
2440 2862 2674 2910 verum
2730 2850 2855 2927 est,
2888 2862 3020 2931 pro

668 2950 982 3037 termino,
1040 2957 1191 3038 post
1243 2969 1441 3037 quem
1496 2946 1810 3018 doctrina
1862 2950 2159 3036 quinque
2214 2960 2483 3019 actuum
2523 2949 2889 3019 constituta
2929 2970 3018 3018 ac

670 3055 1072 3144 pervulgata
1118 3065 1299 3151 erat,
1357 3075 1577 3125 annus
1634 3049 1783 3118 332
1845 3077 1908 3125 a.
1970 3054 2131 3126 Chr.
2191 3077 2260 3124 n.
2321 3055 2678 3126 habendus
2715 3066 2842 3143 est,
2876 3076 3020 3144 quo

665 3172 971 3253 tempore
1025 3163 1467 3234 Aristotelem
1506 3162 1758 3232 librum
1789 3184 1979 3232 suum
2001 3162 2086 3233 de
2113 3164 2286 3232 Arte
2341 3163 2623 3234 Poetica
2661 3164 3017 3252 conscrip-

664 3269 838 3341 sisse
894 3270 1265 3341 verisimile
1317 3280 1439 3340 est.
1498 3270 1724 3358 Atque
1778 3271 1838 3339 si
1893 3291 2100 3360 porro
2153 3271 2564 3359 quaerimus,
2623 3268 2803 3358 quod
2840 3280 3016 3341 tem-

665 3399 792 3467 pus
842 3388 997 3467 post
1051 3378 1231 3447 hunc
1286 3397 1538 3446 annum
1594 3377 1794 3446 huius
1849 3375 2202 3448 doctrinae
2313 3377 2831 3447 constituendae
2927 3399 3018 3448 ac

663 3483 1176 3574 pervulgandae
1230 3484 1878 3574 opportunissimum
1987 3484 2211 3571 fuerit,
2323 3485 2472 3554 fieri
2563 3505 2701 3554 non
2758 3494 3014 3574 potest,

608 3682 617 3689 ·
662 3592 829 3680 quin
883 3613 1009 3681 pro
1062 3592 1188 3661 tali
1243 3600 1546 3680 tempore
1601 3600 1893 3661 aetatem
1949 3591 2322 3661 Ptolomaei
2408 3591 2848 3680 Philadelphi
2937 3601 3014 3661 ut

658 3699 848 3788 regis
902 3699 1203 3787 Aegypti
1262 3691 1678 3762 285—246
1739 3718 1803 3768 a.
1864 3697 2027 3769 Chr.
2088 3719 2155 3767 n.
2214 3698 2611 3788 habeamus,
2670 3720 2801 3788 quo
2837 3692 3009 3770 tem-

659 3827 825 3894 pore
879 3804 1305 3895 tragoediam
1364 3806 1609 3875 iterum
1665 3802 2040 3876 effloruisse
2097 3795 2517 3891 constat200).
2605 3804 2797 3892 Quae
2851 3828 3014 3877 sen-

720 4034 727 4043 .
880 3991 991 4073 ³⁹⁹)
1039 3995 1191 4068 Leo,
1242 3995 1449 4059 Plaut.
1498 3994 1752 4060 Forsch.
1800 4015 1862 4075 p.
1911 3992 2041 4055 208
2093 4028 2170 4036 —
2224 3993 2392 4057 209:
2469 3996 2726 4075 „Damit
2769 3998 2858 4061 ist
2906 3997 3019 4062 die

664 4085 1074 4167 Moglichkeit
1119 4085 1424 4166 gegeben,
1472 4085 1622 4148 dass
1668 4084 1773 4148 die
1820 4085 1859 4143 5
1909 4084 2077 4147 Akte
2123 4085 2186 4147 in
2234 4086 2348 4148 der
2435 4086 2564 4149 Tat
2640 4086 2784 4149 eine
2851 4087 3022 4151 Ent-

661 4173 1203 4255 wicklungsphase
1249 4175 1363 4238 des
1391 4174 1661 4237 Dramas
1706 4174 1905 4237 selbst
1951 4174 2285 4251 bedenten,
2332 4175 2402 4238 in
2444 4176 2559 4239 der
2604 4193 2673 4239 es
2719 4175 2852 4240 sich
2900 4176 3025 4242 auf

661 4263 701 4321 :3
751 4263 1099 4345 Epeisodia.
1138 4263 1236 4327 als
1286 4262 1481 4345 Regel
1518 4261 1903 4327 beschr‘ankt
1947 4264 2075 4326 und
2100 4263 2240 4327 eine
2259 4264 2737 4345 symmetrische
2757 4264 3022 4329 Gliede·

659 4371 821 4435 rung
866 4352 986 4416 mit
1056 4352 1403 4431 parallelen
1489 4351 1904 4415 Abschnitten
1942 4354 2227 4433 gegeben
2272 4350 2518 4417 hatte“.

872 4455 981 4536 200)
1031 4459 1291 4541 Ussing,
1340 4459 1589 4540 proleg.
1642 4458 1853 4526 Plaut,
1902 4479 1961 4543 p.
2017 4457 2174 4523 165:
2229 4462 2690 4541 „Alex-andriae
2751 4462 2863 4532 illa
2911 4464 3022 4535 lex
