3417 5384
1300 1312 1863 1439 Caputl.

434 1527 532 1607 lle
590 1525 930 1625 partibus
987 1525 1367 1617 scaeniols,
1427 1525 1503 1607 ln
1563 1546 1755 1626 quas
1812 1527 2231 1608 Aristoteles
2299 1527 2724 1623 tragoedias

1222 1669 1548 1753 dividere
1609 1671 1945 1753 voluerit.

618 1978 783 2049 Cum
841 2000 923 2049 ea
980 1979 1313 2050 divisione
1361 1982 1677 2050 scaenica
1734 1980 2268 2070 tragoediarum,
2314 2001 2517 2068 quam
2561 1980 2753 2049 Aris-

392 2086 640 2156 toteles
712 2084 786 2155 O.
878 2080 965 2149 12
1045 2086 1129 2155 A.
1208 2086 1287 2156 P.
1368 2089 1672 2176 praebet,
1748 2088 2007 2158 nullam
2066 2088 2504 2158 vetustiorem
2564 2094 2760 2155 aetas

395 2193 654 2280 tulerit,
716 2202 1238 2264 consentaneum
1297 2202 1421 2281 est,
1464 2215 1570 2265 me
1622 2194 2018 2284 priusquam
2075 2193 2159 2265 de
2218 2193 2756 2264 conformatione

400 2301 716 2370 scaenica
769 2299 1276 2389 tragoediarum
1352 2301 1609 2390 aliquid
1651 2322 1738 2371 ex
1785 2323 1937 2371 mea
1984 2301 2323 2371 sententia
2378 2299 2747 2390 proferam,

394 2428 551 2476 eam
609 2408 827 2494 ipsam
913 2409 1308 2478 examinare
1366 2429 1446 2479 ac
1504 2408 1762 2496 videre,
1820 2418 2149 2497 quatenus
2205 2418 2494 2477 naturae
2554 2417 2757 2493 atque

399 2513 611 2583 indoli
669 2534 904 2584 earum
958 2514 1388 2604 respondeat.
1450 2511 1646 2602 Quod
1703 2536 1943 2585 munus
2000 2524 2069 2583 ut
2107 2516 2237 2584 rite
2294 2515 2619 2603 subirem,
2670 2514 2755 2583 de

393 2620 708 2709 partibus
786 2620 971 2690 illius
1049 2621 1432 2710 divisioniS,
1493 2632 1565 2691 ut
1623 2622 1709 2691 ab
1779 2631 2054 2692 auctore
2127 2622 2270 2691 eius
2348 2622 2750 2691 constitutae

388 2736 575 2815 sunt,
617 2727 753 2797 iam
793 2728 862 2797 in
900 2728 1029 2798 hoc
1069 2729 1292 2818 capite
1348 2728 1562 2799 libelli
1601 2729 1735 2799 mei
1776 2727 2248 2798 disserendum
2304 2749 2451 2798 esse
2490 2729 2743 2797 censui.

611 2938 875 3028 Partes,
940 2939 1024 3009 ad
1081 2960 1251 3027 quas
1308 2940 1752 3030 explicandas
1802 2940 2265 3030 aggredimur,
2336 2939 2423 3009 ab
2484 2941 2741 3011 Aristo-

388 3045 529 3115 tele
586 3047 658 3114 in
716 3047 1102 3116 universum
1161 3047 1259 3118 sic
1316 3046 1801 3137 designantur:
1880 3046 2062 3139 μέρη
2110 3041 2521 3139 τραγῳδίας
2569 3034 2752 3110 κατὰ

397 3149 477 3214 τὸ
538 3146 776 3215 πόσον
833 3152 955 3217 καὶ
1013 3152 1114 3223 εἰς
1172 3151 1219 3216 ἃ
1274 3147 1649 3246 διαιρεῖται
1709 3152 2224 3247 κεχωρισμένα
2270 3153 2340 3223 id
2372 3162 2475 3223 est
2520 3163 2750 3243 partes

397 3258 760 3328 secundum
816 3262 1264 3347 quantitatem
1317 3261 1721 3332 constitutae
1760 3268 1827 3330 et
1863 3261 2134 3349 quidem
2175 3262 2322 3331 loco
2363 3269 2765 3350 separatae„

386 3374 885 3455 proptereaque
938 3368 1025 3437 iis
1083 3368 1169 3437 ab
1226 3388 1304 3437 eo
1360 3368 1509 3456 ipso
1564 3366 1712 3437 iure
1757 3375 2187 3457 opponuntur
2226 3365 2427 3459 μέρη,
2489 3366 2599 3434 otc
2656 3369 2752 3434 <bc

385 3464 610 3535 εἴδεσι
689 3467 792 3536 δεῖ
867 3465 1192 3566 χρῆσθαι
1214 3464 1274 3559 9)
1358 3473 1428 3542 id
1532 3483 1632 3544 est
1705 3485 1959 3564 partes,
2035 3496 2231 3564 quae,
2311 3486 2381 3543 ut
2464 3474 2744 3563 formae,

387 3579 595 3648 simul
656 3579 888 3650 eodem
948 3581 1095 3651 loco
1152 3602 1298 3651 esse
1355 3590 1654 3670 possunt.

608 3686 719 3756 Ex
766 3688 1074 3775 partibus
1131 3687 1639 3778 tragoediarum
1678 3689 1778 3759 ita
1815 3689 2109 3759 inductis
2163 3690 2540 3778 prologum,
2605 3689 2747 3776 epi-

388 3793 682 3882 sodium,
742 3795 1051 3885 exodum,
1113 3794 1483 3875 choricum,
1565 3796 1842 3883 eiusque
1926 3795 2057 3866 duo
2112 3816 2366 3884 genera-
2450 3796 2747 3865 omnium

387 3899 901 3987 tragoediarum
960 3922 1365 3982 communes,
1423 3888 1507 3967 th
1536 3890 1687 3963 ἀπὸ
1728 3905 2014 3989 σκηνῆς
2053 3911 2276 3972 autem
2314 3910 2380 3972 et
2417 3896 2748 3991 κόμμους

382 4015 654 4077 tantum
710 4008 1133 4097 singularum
1188 4009 1712 4098 tragoedianum
1770 4009 2087 4098 proprias
2141 4029 2290 4079 esse
2337 4007 2744 4078 Aristoteles

395 4123 642 4183 censet.
702 4113 810 4183 Ita
862 4116 1047 4186 enim
1102 4116 1317 4186 verba
1389 4099 1606 4179 κοινᾷ
1678 4113 1816 4205 μὲν
1874 4104 2007 4179 οὖν
2079 4114 2428 4180 ἁπάντων
2496 4120 2742 4200 ταῦτα,

382 4212 546 4283 ἴδια
655 4213 730 4283 δὲ
823 4206 911 4286 τὰ
1007 4212 1152 4284 ἀπὸ
1247 4224 1536 4305 σκηνῆς
1654 4221 1777 4286 καὶ
1898 4217 2169 4312 κόμμοι
2283 4221 2744 4308 intellegenda

614 4433 663 4507 ⁹)
713 4430 810 4494 De
859 4430 1145 4509 partibus
1194 4430 1260 4496 C.
1297 4430 1336 4490 6
1371 4435 1450 4494 Α.
1502 4432 1566 4495 Ρ.
1617 4432 2007 4495 enumeratis
2056 4428 2168 4492 boe
2226 4428 2360 4493 loco
2408 4430 2741 4509 cogitatur.
