3417 5384
698 482 795 553 90

691 699 937 790 goedia
992 699 1345 788 implicata
1401 698 1772 770 metabasis
1828 719 1904 769 eo
1962 720 2112 768 cum
2170 699 2650 788 ana'gnorismo
2742 700 2853 770 vel
2919 720 3045 789 pe-

690 807 942 897 ripetia
1001 807 1360 877 coniuncta
1414 827 1562 876 esse
1618 815 1862 896 potest,
1921 805 2100 895 quod
2157 806 2677 895 anagnorismus
2751 807 2863 878 vel
2920 794 3035 895 pe·

693 916 943 1004 ripetia
999 922 1112 983 aut
1170 915 1242 984 in
1297 913 1467 990 illud
1580 911 1797 1004 μέρος
1853 907 2201 1006 ἔσχατον,
2316 913 2493 984 unde
2586 915 2708 985 illa
2765 915 3047 992 initium

695 1022 916 1099 sumit,
978 1029 1094 1091 aut
1147 1020 1220 1090 in
1274 1041 1423 1091 eam
1536 1021 1756 1109 ipsam
1834 1019 2038 1107 cadit,
2134 1019 2366 1090 eodem
2448 1020 2647 1092 modo
2702 1023 2909 1091 etiam
2966 1023 3047 1091 in÷

696 1129 1041 1218 pathetica
1096 1119 1328 1196 πάθος
1367 1136 1481 1197 aut
1536 1129 1605 1196 in
1661 1127 1833 1196 illud
1890 1125 2107 1218 μέρος
2164 1137 2279 1196 aut
2333 1128 2404 1196 in
2461 1129 2682 1215 ipsam
2733 1129 3030 1198 metaba-

696 1237 804 1306 sin
860 1235 1107 1306 cadere
1161 1243 1402 1330 potest.
1478 1234 1581 1302 Ita
1638 1235 1707 1303 in
1804 1233 2174 1326 Hippolyto
2266 1235 2404 1305 iam
2497 1234 2665 1304 illud
2724 1233 2940 1326 μέρος
3000 1235 3051 1298 ὃ·

695 1335 1023 1435 ἔσχατόν
1081 1335 1281 1407 ἐστιν
1337 1350 1462 1411 etc.
1525 1362 1604 1412 eo
1659 1362 1946 1439 magnas
1995 1334 2475 1433 περιωδυνίας
2512 1343 2818 1430 praebet,
2860 1343 3047 1430 quod·

697 1450 1000 1525 Theseus
1038 1457 1255 1526 morte
1293 1448 1676 1537 Phaedrae,
1711 1449 1900 1525 cuius
1931 1469 2175 1531 corpus
2204 1449 2276 1517 in
2307 1469 2557 1521 scaena
2597 1449 3046 1538 conspicitur,

695 1565 1038 1649 permotus
1079 1577 1120 1625 a
1148 1564 1342 1650 patre
1399 1555 1715 1644 Neptuno
1771 1555 2119 1625 interitum
2146 1554 2275 1630 filii
2302 1555 2679 1644 efflagitat3
2713 1558 2784 1627 in
2824 1556 3055 1626 Aiace·

697 1665 1026 1735 habemus
1080 1655 1336 1750 πάθος,
1398 1662 1469 1731 id
1525 1673 1628 1738 est
1683 1659 1815 1726 τὸν
1872 1655 1951 1724 ἐν
2010 1669 2118 1748 τῷ.
2192 1668 2485 1753 φανερῷ
2565 1654 2909 1748 θάνατον,
2966 1665 3050 1732 in÷

697 1772 785 1862 τῇ
841 1759 1047 1863 ἀρχῇ
1096 1770 1226 1851 τῆς
1283 1760 1745 1860 μεταβάσεως
1801 1792 1866 1838 v.
1933 1764 2376 1858 Sta—8653
2436 1769 2507 1838 in
2593 1767 2760 1841 Oed.
2850 1770 3053 1859 Rege

705 1872 898 1943 1307
963 1898 1130 1966 seq.7
1191 1877 1434 1965 quibus
1492 1878 1708 1954 altera
1766 1898 1930 1966 pars
1987 1867 2450 1967 μεταβάσεως
2524 1877 2873 1966 incipitur,
2962 1899 3052 1949 eo·

697 1977 930 2052 πάθος
987 1983 1307 2073 efficiunt,
1367 1984 1545 2071 quod
1604 1984 1698 2053 ibi
1751 1982 2053 2073 Oedipus
2145 1985 2294 2071 ipse
2403 1984 2596 2053 illam
2691 1983 3045 2055 oculorum

697 2097 965 2183 τρῶσιν
1041 2091 1538 2181 spectatoribus
1591 2091 1907 2168 ostendit,
1969 2091 2053 2161 de
2107 2111 2243 2179 qua
2298 2092 2573 2165 nuntius
2605 2093 2676 2160 in
2708 2092 2797 2181 τῇ
2833 2080 3049 2184 ἀρχῇ·

698 2199 834 2280 τῆν
893 2189 1143 2288 μεταβ.
1208 2220 1272 2267 v.
1346 2192 1860 2263 1223--1‘296
1922 2198 2181 2269 locutus
2239 2187 2549 2284 erat¹53).

912 2413 1066 2483 Non
1124 2412 1246 2485 abs
1303 2435 1378 2484 re
1435 2413 1584 2502 erit,
1646 2413 1706 2484 si
1762 2414 1890 2483 hoc
1947 2412 2092 2483 loco
2147 2411 2499 2500 nonnulla,
2559 2433 2734 2500 quae
2790 2433 2915 2506 per
2968 2431 3044 2482 se

697 2519 1200 2610 intelleguntur,
1265 2519 1347 2590 de
1403 2521 1667 2591 ratione
1724 2521 1901 2590 inter
1958 2520 2129 2597 haec
2161 2515 2204 2584 4
2238 2540 2494 2609 genera
2524 2518 3036 2607 tragoediarum

697 2627 1157 2707 intercedente
1213 2627 1459 2704 dicam.
1525 2629 1747 2715 Atque
1804 2627 1955 2716 ipsa
2009 2627 2287 2701 nomina
2343 2648 2691 2716 generum,
2780 2648 2865 2695 ne
2952 2626 3038 2697 de

697 2735 1202 2805 definitionibus
1260 2756 1493 2812 eorum
1548 2734 1796 2823 dicam,
1859 2734 2026 2805 satis
2084 2734 2353 2816 docent,
2394 2735 2466 2802 in
2497 2755 2634 2811 una
2664 2733 3037 2823 eademque

695 2841 1054 2912 tradoedia
1168 2842 1457 2931 simplex
1565 2863 1778 2930 genus
1873 2863 2023 2913 cum
2079 2842 2428 2933 implicato
2514 2841 2777 2932 pariter
2834 2850 3037 2940 atque

700 2949 1118 3039 patheticum
1176 2970 1323 3019 cum
1381 2949 1603 3021 ethico
1659 2948 1848 3022 nullo
1904 2948 2103 3019 modo
2164 2949 2481 3038 coniungi
2538 2968 2759 3038 posse.
2797 2947 3038 3018 Restat

699 3057 932 3145 igitur,
993 3065 1066 3130 ut
1122 3076 1424 3133 seorsum
1481 3077 1695 3146 genus
1752 3055 2176 3146 implicatum
2231 3065 2297 3125 et
2354 3054 2642 3144 simplex
2700 3063 2815 3124 aut
2884 3075 3039 3125 cuni

701 3164 1044 3254 pathetice
1101 3173 1218 3240 aut
1275 3186 1424 3237 cum
1481 3164 1704 3234 ethico
1765 3165 2234 3253 coniungatur.
2296 3163 2521 3252 Atque
2617 3184 2765 3232 cum
2824 3171 3038 3233 meta-

700 3270 906 3350 basis‚
967 3291 1102 3358 qua
1158 3279 1301 3348 tota
1357 3271 1599 3345 solutio
1658 3272 1947 3342 actionis
2006 3270 2315 3358 efficitur,
2374 3292 2511 3340 non
2550 3291 2630 3340 ex
2655 3290 2789 3340 una
2817 3279 3037 3358 parte,

708 3376 829 3449 sed
887 3399 970 3447 ex
1030 3378 1360 3466 pluribUS‚
1420 3380 1663 3454 saltem
1722 3378 1983 3450 duabus
2042 3385 2319 3454 constet,
2377 3376 2527 3447 fieri
2585 3385 2805 3466 potest
2836 3397 2916 3447 ac
2939 3375 3037 3465 fit,

697 3492 766 3553 ut
826 3484 896 3553 in
950 3506 1087 3554 una
1142 3493 1337 3576 parte
1393 3475 1856 3576 μεταβάσεως
1911 3486 2019 3555 vel
2078 3485 2149 3553 in
2206 3485 2354 3573 ipso
2411 3482 2628 3576 μέρει,
2687 3483 2868 3553 unde
2917 3484 3041 3555 illa

698 3600 956 3672 manat,
1019 3592 1542 3680 anagnorismus
1600 3593 1746 3661 sive
1799 3593 2161 3682 peripetia‚
2259 3591 2672 3673 inveniatur,
2770 3591 2841 3659 in
2900 3590 3043 3661 alia

699 3706 920 3769 autem
977 3707 1174 3786 parte
1231 3691 1694 3789 μεταβάσεως
1750 3691 1984 3769 πάθος
2042 3709 2157 3768 aut
2211 3699 2375 3769 insit
2469 3707 2583 3768 aut
2678 3697 2871 3767 desit.
2935 3697 3044 3767 Ita

699 3807 771 3874 in
827 3803 999 3876 Oed.
1057 3805 1141 3875 R.
1202 3827 1417 3894 genus
1474 3807 1897 3894 implicatum
2010 3827 2158 3876 cum
2253 3805 2595 3898 pathetieo
2681 3803 3046 3875 manifesto

700 3912 1129 3989 coniunctum
1186 3921 1310 3995 est,
1369 3914 1531 4002 quia
1589 3913 1659 3982 id
1744 3911 1983 4005 μέρος,
2070 3901 2510 4005 ιιηᾶεάρχὴ,
2595 3911 2724 3989 τῆς
2782 3902 3042 4002 μεταβ

697 4018 997 4108 defluxit,
1060 4041 1126 4088 v.
1195 4014 1716 4086 1152—1233
1779 4040 2028 4109 anagn.
2088 4042 2125 4089 e
2182 4021 2397 4109 perip.
2484 4018 2792 4109 praebet,
2882 4038 3048 4106 pars

791 4327 811 4346 .
915 4274 1027 4354 ¹5³)
1073 4280 1170 4346 De
1215 4279 1481 4358 ratione,
1531 4298 1722 4361 quae,
1768 4276 1936 4345 inter
1981 4280 2370 4361 patheticum
2417 4285 2484 4344 et
2530 4278 2806 4344 ethicum
2848 4296 3050 4358 genus

696 4368 1062 4440 intercedit.
1109 4369 1202 4437 ita
1249 4366 1571 4440 Vahlenus
1617 4388 1681 4451 p.
1737 4367 1880 4448 137,
1948 4367 2140 4434 Sitzb.
2220 4368 2305 4430 52
2399 4368 2765 4450 disputavit.
2843 4367 3052 4434 Aliter

697 4457 810 4521 Th.
859 4457 1082 4538 Heme,
1133 4457 1154 4520 l
1223 4459 1262 4521 l.
1313 4478 1374 4540 p.
1429 4456 1528 4518 19.
2431 4466 2435 4470 ’
