3417 5384
2694 479 2843 555 105

490 704 656 792 logo
710 704 1106 795 praebeant,
1193 714 1335 776 tum
1444 706 1843 794 tragoediae
1917 705 2352 793 'Sophocleae
2446 704 2845 794 posterioris

496 813 747 883 aetatis
805 813 1062 897 pariter
1119 833 1199 883 ac
1256 835 1488 885 omnes
1525 813 1922 903 tragoediae
1961 812 2378 903 Euripideae
2435 813 2508 882 in
2555 811 2841 902 prologo

493 927 760 988 tantum
818 920 1304 1008 expositionem
1359 921 1636 1009 habent,
1697 923 1770 991 in
1829 921 2182 1010 primoque
2207 919 2515 1010 episodio
2547 927 2842 1008 *excepta

492 1025 849 1096 Alcestide
902 1038 1309 1098 momentum
1367 1028 1655 1098 actionis
1749 1026 2125 1106 nectendae
2217 1027 2577 1098 collocant.
2669 1024 2838 1095 Inde

491 1134 714 1203 conici
773 1142 1013 1224 potest,
1074 1145 1313 1223 poetas
1369 1135 1669 1223 tragicos
1782 1136 2182 1225 posterioris
2293 1134 2592 1207 aetatis‚·
2633 1130 2840 1223 ‘apud
2889 1212 2893 1217 ,

492 1260 666 1328 quos
720 1261 923 1328 quam
980 1242 1273 1316 maxime
1329 1241 1701 1331 Euripides
1760 1242 2059 1331 valebat,
2121 1243 2193 1312 in
2247 1241 2641 1312 universum
2715 1262 2835 1311 ex·

500 1349 903 1437 positionem
958 1349 1029 1419 in
1067 1349 1373 1439 prologo,
1418 1359 1827 1420 momentum
1859 1359 2080 1420 autem
2113 1349 2403 1420 actionis
2460 1347 2839 1419 nectendae

496 1456 571 1523 in
626 1456 846 1544 primo
903 1455 1207 1546 episodio
1264 1458 1601 1529 collocare
1657 1457 1892 1528 solitos
1948 1478 2117 1528 esse.
2215 1456 2324 1525 Ad
2409 1477 2613 1544 quam
2694 1475 2837 1526 rem

499 1562 930 1649 probandam
986 1562 1383 1653 tragoediae
1442 1563 1744 1635 Senecae
1802 1563 2156 1635 adeundae
2212 1572 2388 1634 sunt.
2429 1563 2655 1652 Atque
2692 1562 2836 1652 pri-

412 1704 439 1717 x
498 1691 648 1740 mus
704 1679 916 1760 actua,
976 1671 1089 1760 qui
1148 1672 1329 1761 apud
1385 1671 1714 1742 Senecam
1770 1692 2039 1761 semper
2095 1692 2216 1761 per
2289 1671 2585 1760 primum
2642 1668 2834 1741 chori

502 1777 840 1848 canticum
898 1777 984 1848 ab
1042 1779 1258 1850 altero
1313 1778 1748 1869 disiungitur,
1813 1780 1884 1848 in
1940 1778 2126 1849 Herc
2209 1768 2403 1869 (fur.)
2494 1771 2835 1865 ’1-124,

515 1986 813 2062 1--103
874 2000 1138 2063 tantum
1189 2016 1273 2063 ex
1329 2015 1462 2064 uno
1520 1993 1881 2082 soliloquio
1938 1994 2085 2065 sive
2141 1993 2453 2063 oratione
2545 2000 2832 2069 constat,

501 2119 634 2186 quo
691 2099 1035 2171 auditores
1094 2100 1180 2170 ad
1240 2102 1575 2172 actionem
1635 2100 2147 2190 percipiendam
2202 2099 2835 2189 p1·aeparantur;in

502 2206 824 2277 Phaedra
877 2208 1139 2295 primus
1197 2218 1385 2279 actus
1441 2209 1768 2298 incipitur
1853 2228 1894 2280 a
1975 2207 2331 2297 Hippolyti
2379 2198 2633 2297 ’μέλος
2689 2194 2835 2267 ἀπὸ

504 2315 788 2400 σκηνῆς
847 2308 1166 2397 (1—84)
1226 2324 1426 2403 atque
1481 2337 1606 2405 per
1716 2314 2123 2404 colloquium
2233 2312 2593 2384 Phaedrae
2687 2318 2837 2385 cum

505 2416 1254 2509 nutrice-(85-274)
1309 2422 1562 2499 finitur,
1622 2422 1865 2511 quibus
1922 2422 2183 2494 duabus
2213 2420 2522 2511 partibus
2578 2427 2839 2490 tantum

503 2528 683 2598 actio
736 2527 1010 2599 fabulae
1065 2519 1685 2620 praeparatur¹7⁶);
1745 2531 1816 2599 in
1874 2528 2123 2619 Oedipi
2208 2538 2361 2599 actu
2444 2529 2667 2618 primo
2750 2526 2840 2597 ad

502 2634 932 2724 soliloquium
990 2635 1235 2727 Oedipi
1295 2632 1638 2727 (lm-80),
1699 2636 1877 2726 quod
1933 2633 2295 2707 manifesto
2351 2634 2841 2725 expositionem

499 2742 809 2831 praebet,
871 2743 1136 2815 accedit
1193 2745 1600 2833 colloquium
1656 2744 1965 2815 locastae
2001 2753 2069 2815 et
2099 2741 2345 2832 Oedipi
2386 2735 2837 2828 (so-108),

502 2957 787 3045 praebet
843 2959 1180 3029 actionem
1234 2980 1357 3049 per
1414 2978 1487 3030 se
1543 2960 1838 3049 positam
1895 2953 1958 3044 (l
1988 2952 2294 3042 alal),
2354 2976 2528 3046 quae
2584 2977 2664 3028 eo
2720 2968 2839 3026 va-

500 3064 620 3145 let,
678 3073 753 3133 ut
806 3086 930 3136 nos
989 3065 1075 3135 ad
1133 3086 1215 3136 ea
1271 3075 1658 3157 praeparet,
1718 3087 1894 3154 quae
1950 3067 2130 3136 actio
2188 3065 2411 3154 ipsius
2457 3063 2841 3153 argumenti

500 3171 840 3260 proponit.
905 3172 1144 3261 Itaque
1199 3174 1285 3243 in‘
1328 3172 1626 3245 Senecae
1681 3171 2057 3262 tragoediis
2113 3180 2305 3242 actus
2360 3173 2645 3261 primus,
2727 3171 2843 3259 qui

500 3279 577 3347 in
631 3279 1027 3349 universum
1084 3302 1163 3351 eo
1218 3281 1501 3371 prologo
1595 3280 1997 3371 Euripideo‘
2062 3277 2453 3370 respondet,
2511 3279 2626 3367 qui
2725 3299 2845 3368 per

724 3519 833 3604 ¹7⁶)
880 3524 1014 3590 Hoc
1062 3525 1435 3607 colloquium
1482 3526 1650 3589 inter
1695 3525 2048 3589 Phaedram
2095 3530 2163 3589 et
2207 3525 2515 3588 nutricem
2561 3543 2619 3586 v.
2672 3520 2844 3584 85-

505 3612 656 3693 274,
706 3615 871 3694 quod
918 3614 983 3678 in
1031 3614 1218 3696 Hipp.
1271 3614 1420 3679 Eur.
1471 3635 1526 3679 v.
1579 3610 1932 3676 288—360
1961 3619 2346 3678 momentum
2392 3613 2659 3677 actionis
2705 3630 2846 3676 nec-

503 3703 738 3767 tendae
783 3704 1068 3784 praebet,
1118 3722 1193 3768 eo
1263 3704 1330 3768 in
1375 3703 1828 3786 expositionem
1874 3709 2329 3768 commutatum
2393 3709 2522 3771 est.
2567 3702 2734 3783 quod
2781 3701 2846 3764 in

504 3810 580 3856 eo
608 3793 822 3856 nutrix
849 3793 974 3857 iam
1006 3812 1283 3858 amorem
1320 3793 1648 3858 Phaedrae
1694 3793 1836 3870 scit,
1862 3793 2045 3873 longe
2092 3793 2281 3857 aliter
2299 3798 2491 3873 atque
2538 3793 2603 3855 in
2655 3791 2841 3872 Hipp.

502 3880 675 3957 Eun,
700 3882 808 3949 ubi
854 3883 1067 3946 nutrix
1112 3881 1385 3963 primum
1431 3883 1742 3946 occultum
1790 3900 2067 3946 amorem
2114 3882 2442 3947 Phaedrae
2509 3881 2712 3945 nescit
2760 3878 2845 3960 (v.

506 3969 632 4031 170
683 3967 844 4052 seq.)
890 3976 1083 4051 atque
1129 3977 1352 4051 postea
1399 3972 1479 4036 de
1528 3990 1606 4036 eo
1655 3971 1961 4051 comperit
2007 3969 2087 4046 (v.
2139 3968 2270 4030 288
2319 3971 2493 4051 seq.·),
2571 3966 2694 4050 qua
2777 3987 2845 4032 re

498 4077 691 4123 unum
737 4063 861 4120 τῶν
907 4062 1130 4119 ἔσωθεν
1161 4058 1232 4124 fit

717 4198 833 4278 ¹⁷⁷)
879 4204 1048 4285 Ergo
1095 4203 1333 4268 Seneca
1421 4203 1485 4265 in
1575 4201 2135 4267 transformatione
2227 4204 2553 4285 Sophoclis
2618 4202 2845 4282 Oedipi

500 4294 693 4375 Regis
720 4298 1127 4358 momentum
1174 4292 1442 4357 actionis
1487 4293 1835 4356 nectendae
1882 4311 1918 4356 e
2011 4293 2267 4374 prologo
2342 4288 2686 4373 Sophocleo
2759 4296 2843 4372 (v.

500 4379 843 4460 85—150)
885 4383 950 4446 in
996 4386 1210 4446 actum
1255 4381 1318 4449 II
1368 4383 1459 4461 (v.
1511 4378 1847 4461 80—108)
1899 4383 2284 4464 transponit,
2375 4402 2499 4462 quo
2589 4387 2770 4447 actus
2816 4382 2846 4444 I

500 4476 753 4537 tantum
801 4471 1255 4553 expositionem
1304 4470 1626 4550 praebeat.

500 1882 687 1954 Med.
756 1878 1033 1975 1-55‚
1093 1885 1321 1957 Troad
1388 1882 1662 1973 1--66,
1729 1885 1969 1975 Agam.
2041 1871 2315 1965 1;-·56,
2412 1882 2620 1956 Herc.
2681 1882 2832 1956 Oet.
2963 1864 2978 1879 ‘

502 2869 636 2938 quo
692 2851 1024 2939 expositio
1078 2840 1666 2941 propagatur¹⁷7);
1780 2853 1850 2920 in
1961 2851 2254 2944 Thyeste
2329 2859 2520 2921 actus
2577 2850 2842 2939 primus
2969 2899 2973 2904 -
