3417 5384
2694 435 2738 503 7

607 647 683 741 3)
741 654 942 725 Rich.
1005 654 1323 743 Arnoldt‚
1382 654 1494 725 die
1551 655 1906 726 chorische
1990 655 2295 727 Technik
2352 655 2471 726 des
2525 654 2732 725 Euri·

388 762 603 855 pides·‚
662 762 869 832 Halle
935 756 1160 851 1878,
1219 761 1335 850 qui
1408 784 1475 850 p.
1558 756 1866 826 34-45
1928 762 2319 852 turpissime
2375 763 2443 832 in
2502 762 2731 833 distri-

390 869 664 959 butione
721 867 1234 958 tragoediarum
1310 868 1841 957 Euripidearum
1916 868 2275 940 statuenda.
2337 867 2549 940 falsus
2603 877 2729 954 est,

387 997 536 1046 cum
594 997 928 1065 persaepe
984 976 1055 1045 in
1113 975 1666 1046 antecedentibus
1707 974 1802 1064 (p.
1853 970 1887 1039 1
1916 969 2138 1060 -33)
2189 976 2274 1046 ob
2314 996 2508 1046 suam
2546 975 2730 1046 arbi-

386 1083 673 1152 trariam
732 1082 1113 1153 doctrinam
1171 1082 1589 1153 canticorum
1646 1083 2131 1153 alternantium
2189 1104 2225 1152 e
2282 1081 2539 1152 duobus
2587 1082 2732 1171 epi·

386 1190 599 1260 sodiis
672 1198 739 1281 et
813 1190 1092 1260 stasimo
1150 1190 1328 1261 inter
1402 1210 1484 1259 ea
1557 1189 2023 1260 intercedente
2096 1209 2298 1258 unum
2356 1189 2733 1278 episodium

387 1295 719 1368 eflecisset
793 1317 1077 1385 cumque
1150 1297 1235 1367 ob
1292 1296 1580 1367 eandem
1639 1316 1915 1367 causam
1994 1296 2246 1367 ibidem
2303 1295 2391 1365 ad
2447 1295 2732 1366 exodum

383 1423 520 1473 non
570 1423 729 1472 raro
771 1403 979 1473 etiam
1018 1403 1395 1493 episodium
1445 1412 1511 1472 et
1550 1402 1904 1473 Stasimum
1945 1423 2229 1490 sequens
2267 1392 2727 1485 rettulissetss).

603 1504 677 1596 4)
738 1508 807 1579 J.
868 1509 967 1579 M.
1031 1510 1247 1588 StahL
1311 1510 1395 1581 de
1448 1509 1848 1599 tragoediae
1924 1507 2320 1598 primordiis
2386 1518 2452 1580 et
2508 1510 2730 1579 incre·

384 1617 630 1687 mentis
687 1615 773 1686 ab
857 1617 1228 1688 Aristotele
1313 1617 1759 1705 adumbratiS,
1848 1616 2052 1702 index
2136 1615 2439 1686 Monast.
2531 1609 2723 1680 1881

386 1724 500 1793 ubi
558 1723 668 1792 vir
724 1723 959 1794 doctus
1015 1725 1087 1794 in
1143 1745 1221 1794 eo
1278 1724 1561 1812 erravit,
1624 1723 1800 1811 quod
1858 1722 2304 1793 Themistium
2366 1717 2488 1810 ⁶26,
2553 1715 2730 1810 316,

382 1830 428 1898 d
485 1850 776 1917 sequens
830 1830 1096 1920 prologi
1146 1831 1601 1901 inventionem
1661 1830 1991 1920 Thespidi
2049 1830 2386 1918 assripsit.

603 1933 674 2020 ὃ)
736 1935 1017 2013 Hauler‚
1077 1936 1475 2009 Zeitschrift
1529 1936 1639 2006 fur
1695 1937 1807 2008 die
1863 1946 2107 2009 oester.
2160 1934 2436 2026 Gymn„
2510 1930 2731 2014 1885,

383 2063 514 2131 quo
573 2045 720 2114 loco
776 2065 915 2114 non.
958 2053 1139 2114 recte
1193 2045 1308 2114 hic
1382 2044 1492 2113 vir
1568 2043 1803 2114 doctus
1868 2044 2324 2115 testimonium
2382 2043 2732 2113 Ciceronis

384 2151 473 2220 ad
531 2149 760 2236 Quint.
820 2149 904 2219 fr.
985 2151 1032 2229 l,
1125 2147 1153 2215 l
1239 2151 1498 2239 pariter
1572 2160 1775 2238 atque
1862 2150 2304 2228 Ribbeckius‚
2364 2150 2474 2219 die
2529 2150 2724 2219 Rom.

382 2256 616 2346 T1·ag.‚
676 2256 984 2346 Leipzig,
1058 2253 1195 2322 187
1212 2254 1278 2337 ὃ,
1340 2280 1408 2347 p.
1492 2252 1633 2323 <341
1722 2257 1809 2327 ad
1877 2257 2257 2328 doctrinam
2314 2256 2729 2346 peculiarem

380 2364 585 2433 trium
644 2363 918 2445 actium,
979 2365 1439 2435 testimonium
1495 2373 1717 2434 autem
1777 2364 2115 2436 Varronis
2156 2365 2200 2433 l.
2244 2363 2278 2432 I
2319 2363 2400 2433 de
2439 2384 2515 2433 re
2554 2373 2720 2435 rust.

386 2470 464 2541 C.
513 2464 605 2534 26
652 2491 919 2540 rursum
957 2470 1045 2541 ad
1084 2472 1294 2541 aliam
1342 2470 1726 2541 doctrinam
1765 2480 2080 2559 quattuor
2121 2480 2389 2541 actuum
2427 2468 2731 2542 referens

382 2585 590 2647 totam
622 2577 1004 2648 doctrinam
1025 2579 1319 2666 quinque
1342 2588 1615 2647 actuum
1638 2577 1723 2647 ab
1747 2578 2017 2647 Horatii
2038 2577 2276 2666 regula
2298 2573 2410 2660 (A.
2436 2576 2515 2645 P.
2550 2571 2583 2639 1
2600 2571 2729 2666 89)

383 2683 718 2754 deducere
766 2696 1044 2755 conatus
1093 2694 1216 2756 est.
1261 2684 1355 2755 Jn
1412 2683 1649 2754 eadem
1707 2684 2044 2754 sententia
2100 2684 2328 2772 etiam,
2369 2693 2729 2772 postquam

382 2792 771 2861 testimonia
828 2791 1181 2862 doctrinae
1236 2793 1533 2879 quinque
1590 2800 1859 2869 actuum
1902 2812 1943 2860 a
1979 2790 2207 2862 Leone
2245 2791 2290 2860 1.
2354 2792 2397 2859 l.
2442 2789 2730 2862 collecta

381 2906 581 2985 atque
638 2897 981 2969 illustrata
1019 2908 1237 2980 erant,
1280 2898 1526 2968 mirum
1566 2898 1636 2967 in
1675 2897 1946 2968 modum
1994 2918 2438 2987 perseverare
2474 2899 2724 2988 pergit,

383 3015 452 3072 ut
508 3026 545 3074 e
600 3004 819 3092 praef.
885 3003 973 3074 ad
1028 3004 1306 3077 Phorm.
1367 3005 1654 3092 Teubn.‚
1715 3028 1778 3094 p.
1842 2998 2021 3094 463,
2083 3005 2240 3075 adn.
2309 2998 2345 3068 l
2408 3014 2617 3094 patet.

594 3104 668 3195 6)
724 3109 851 3180 Th.
910 3111 1152 3193 Heine,
1214 3111 1453 3182 Studia
1508 3112 1975 3192 Aristotelica,
2029 3112 2084 3201 Ι,
2137 3111 2363 3183 Ueber
2417 3111 2529 3182 die
2586 3111 2719 3180 Ar-

376 3226 489 3286 ten
546 3217 667 3288 der
722 3217 956 3306 Trag.‚
1019 3219 1422 3308 Programm
1501 3240 1632 3289 von
1709 3202 2112 3309 Kreuzberg
2183 3212 2400 3307 1887,
2460 3220 2533 3288 in
2588 3238 2720 3306 quo

376 3323 553 3393 libro
610 3322 866 3395 frustra
922 3327 1217 3414 scriptor
1273 3347 1378 3405 ea,
1465 3346 1637 3414 quae
1695 3323 2047 3395 Vahlenus
2106 3328 2151 3395 l.
2213 3327 2259 3394 l.
2321 3336 2461 3396 tam
2537 3334 2721 3395 recte

376 3430 460 3499 de
515 3431 778 3504 ratione
834 3430 1013 3502 inter
1085 3423 1491 3522 μετάβασιν
1564 3432 2078 3503 Aristotelicam
2152 3440 2218 3502 et
2311 3433 2718 3522 peripetiam

376 3558 502 3607 ana
512 3538 1062 3628 gnorismumque
1119 3539 1581 3611 intercedente
1637 3539 1897 3628 statuit,
1976 3537 2396 3610 labefactare
2470 3538 2714 3609 studet.

594 3639 665 3727 7)
723 3644 964 3717 Alfred
1019 3646 1265 3736 Dippe,
1328 3646 1610 3716 Bezieht
1658 3648 1806 3718 sich
1846 3637 2274 3717 Aristoteles’
2315 3645 2717 3734 Einteilung

373 3750 496 3821 der
552 3750 893 3841 Tragodie
949 3754 1124 3824 auch
1200 3753 1321 3825 auf
1385 3753 1791 3844 Aeschylus’
1872 3746 2307 3843 Tragodien?
2366 3752 2707 3824 Wochen-

375 3857 617 3928 schrift
673 3857 784 3927 fur
839 3859 1069 3931 Klass.
1129 3859 1316 3930 Phil.
1394 3854 1587 3925 1895
1653 3882 1717 3950 p.
1804 3855 2235 3938 107-111,
2295 3859 2411 3929 ubi
2468 3861 2717 3928 mirum

589 4049 637 4124 ⁸)
685 4049 899 4115 Etiam
948 4067 1039 4124 ea,
1091 4066 1255 4128 quae
1306 4049 1629 4113 Heerenus
1677 4050 1758 4113 de
1804 4049 2248 4115 distributione
2295 4048 2717 4133 episodiorum

370 4137 434 4199 in
483 4143 645 4219 trag.
696 4139 1035 4220 praecipue
1083 4138 1462 4220 Aeschyleas
1508 4143 1700 4219 atque
1747 4137 2126 4218 Euripideas
2154 4137 2218 4201 in
2248 4155 2360 4202 sua
2401 4136 2549 4201 diss.
2602 4136 2721 4216 „de

370 4226 542 4291 chori
590 4223 702 4291 Gr.
748 4233 918 4309 trag.
969 4232 1199 4291 natura
1244 4232 1313 4292 et
1348 4228 1586 4296 indole,
1632 4229 1879 4292 ratione
1925 4245 2165 4307 argum.
2214 4224 2470 4291 habita'
2511 4222 2717 4298 (Gott.

373 4311 574 4393 1784)
622 4316 801 4393 dixit,
834 4333 1091 4396 prorsus
1127 4316 1483 4397 respuenda
1513 4322 1663 4382 sunt
1686 4317 1767 4381 ob
1800 4315 2197 4381 arbitrariam
2244 4316 2718 4395 usurpationem

368 4404 538 4468 vocis
586 4406 872 4488 episodii.
