3417 5384
2626 411 2722 482 95

590 637 884 726 ‘Origine
930 635 1494 708 ‘conformationis
1550 635 1972 707 dramaticae
2053 634 2397 704 illustrata
2479 650 2723 721 aggre-

370 745 649 816 diamur
707 745 795 814 ad
851 745 1366 834 progressiones
1423 743 1566 813 eius
1622 740 2079 832 exponendas.
2143 736 2346 811 Cuius
2402 738 2503 808 rei
2576 736 2724 806 fun-

368 852 769 923 damentum
816 852 1128 940 praebet,
1189 861 1259 921 ut
1316 851 1453 921 iam
1510 871 1593 922 ex
1649 850 1980 938 exemplis
2066 847 2140 919 C.
2230 844 2334 917 111
2425 846 2495 915 h.
2557 844 2721 914 disS.

378 960 612 1030 allatis
671 966 979 1048 apparet.
1041 959 1163 1028 illa
1218 958 1498 1047 partitio
1554 957 1960 1044 dramatica,
2035 976 2238 1044 quam
2323 951 2725 1023 Aristoteles

377 1066 453 1137 C.
530 1062 617 1129 18
678 1066 766 1136 A.
823 1067 901 1136 P.
967 1064 1412 1136 commendat.
1473 1064 1714 1135 Restat
1768 1064 1997 1153 igitur,
2057 1071 2130 1131 ut
2169 1061 2544 1149 videamus,
2594 1078 2726 1146 quo

372 1182 576 1264 pacto
633 1195 716 1244 ea
773 1172 1154 1243 dramatica
1213 1180 1572 1256 momenta,
1633 1192 1808 1259 quae
1853 1192 1934 1240 ex
1993 1170 2116 1240 illa
2172 1167 2538 1258 partitione
2602 1165 2720 1234 eli-

359 1282 681 1369 ciuntur,
743 1302 789 1349 n
847 1281 1200 1351 scaenicas
1257 1286 1490 1369 partes
1536 1276 1623 1348 Ὀ.
1692 1276 1762 1347 II
1835 1276 1912 1348 h.
2003 1277 2168 1347 diss.
2264 1280 2722 1366 pertractatas

358 1386 902 1458 distribuantur.
960 1384 1134 1457 Inde
1187 1386 1368 1456 ultro
1425 1386 1740 1474 elucebit,
1799 1406 1975 1473 quae
2049 1381 2560 1474 progressiones
2653 1378 2724 1446 in

361 1494 916 1565 conformatione
974 1494 1354 1565 dramatica
1411 1492 1921 1583 tragoediarum
1979 1489 2402 1562 Graecarum
2486 1487 2719 1556 insint.

590 1709 815 1797 Atque
868 1709 1095 1797 ¹primo
1151 1709 1300 1780 loco
1358 1708 1951 1780 commemoranda
2009 1712 2165 1776 sunt
2219 1724 2299 1773 ea
2339 1700 2720 1771 dramatica

373 1824 738 1904 momenta,
801 1815 1044 1904 quibus
1102 1817 1367 1886 initium
1432 1815 1915 1886 Aristotelicae
1973 1806 2235 1879 δέσεως
2317 1807 2717 1879 destinatur

361 1920 567 2008 Quae
622 1931 962 1993 momenta
1020 1923 1151 1993 duo
1207 1944 1354 1994 esse
1412 1944 1495 1993 ex
1553 1922 1886 2012 exemplis
1945 1917 2020 1989 C.
2086 1916 2193 1987 III
2276 1915 2507 1987 allatis
2601 1934 2719 2001 ap·

374 2041 590 2120 par.et
656 2028 957 2116 Quorum
1013 2031 1204 2120 prius
1263 2024 1468 2094 §bow
1525 2051 1603 2099 eo
1664 2029 1982 2117 destinat,
2043 2023 2221 2115 quod
2314 2040 2399 2086 τα
2453 2033 2717 2111 προπε-

358 2134 770 2229 πραγιιένα
824 2145 1204 2258 statumque
1259 2154 1509 2226 rerum,
1572 2138 1687 2225 qui
1728 2136 2062 2207 actionem
2093 2133 2313 2223 ipsam
2352 2126 2715 2216 antecedit,

374 2243 698 2313 illustrat.
760 2242 885 2313 Cui
941 2245 1043 2314 rei
1101 2265 1345 2314 nomen
1400 2239 1841 2332 expositionis
1896 2242 2102 2331 vulgo
2140 2239 2364 2309 datur.
2406 2234 2720 2304 Alterum

372 2360 808 2439 momentum,
868 2371 998 2440 quo
1054 2361 1414 2441 praeterea
1473 2344 1670 2420 ὃέσκ·
1728 2350 2130 2429 destinatur,
2191 2354 2293 2416 est
2349 2342 2519 2415 illud
2578 2342 2718 2432 priss

372 2479 555 2527 mum
612 2463 759 2522 τῶν
814 2450 1105 2548 ἔσωθεν,
1165 2460 1237 2528 111
1294 2458 1683 2530 accessione
1739 2459 1839 2527 rei
1897 2455 2246 2527 cuiusdam
2330 2475 2546 2525 novae
2631 2454 2718 2523 ad

372 2549 459 2627 τᾶ
515 2563 1144 2656 προπεπραγμένα
1202 2567 1513 2654 positum,
1558 2585 1705 2653 quo
1764 2572 1978 2635 status
2034 2584 2263 2633 rerum
2346 2563 2718 2650 primarius

374 2680 845 2759 commutatur,
906 2672 1309 2761 initiumque
1365 2672 1738 2760 seqentium
1780 2670 2374 2742 commutationum
2411 2668 2717 2738 eiusdem

360 2786 588 2849 status
619 2777 961 2865 est-Quod
991 2788 1402 2850 momentum
1433 2778 1720 2849 actionis
1748 2776 2121 2850 nectendae
2150 2776 2500 2866 appellare
2530 2777 2717 2846 volu-

370 2907 543 2955 mus.
577 2885 802 2973 Atque
831 2886 1100 2955 initium
1159 2907 1471 2975 scaenae,
1505 2907 1640 2975 qua
1677 2894 2086 2956 momentum
2118 2880 2404 2954 actionis
2442 2892 2715 2955 necten-

358 2992 502 3063 -dae
532 2991 844 3082 efficitur,
875 3014 999 3079 pro
1029 2994 1224 3063 initio
1254 2994 1543 3065 actionis
1571 2995 1779 3063 totius
1807 2991 2081 3063 fabulae
2107 2991 2432 3062 nimirum
2460 2991 2716 3062 haben·

359 3099 531 3168 dum
561 3108 684 3170 est,
716 3108 1047 3186 quatenus
1077 3102 1138 3170 ei
1166 3122 1303 3172 non
1332 3099 1473 3171 alia
1501 3120 1753 3171 scaena
1780 3099 2151 3188 praecedit,
2183 3118 2319 3186 qua
2345 3098 2476 3168 hoc
2496 3098 2718 3185 ipsum
2781 3114 2786 3120 ·

370 3216 781 3275 momontum
809 3216 1286 3295 praeparatur.
1310 3207 1418 3278 Ita
1437 3208 1509 3277 in
1522 3206 1789 3278 'Phoen.
1822 3213 2232 3277 momentum
2252 3205 2541 3275 actionis
2560 3225 2717 3274 nec·

358 3312 618 3383 tendae
649 3312 915 3383 eficitur
952 3335 1034 3385 ea
1070 3320 1322 3386 scaena
1362 3310 1456 3402 (v.
1502 3304 1976 3402 ctae—637),
2017 3313 2090 3381 in
2128 3332 2264 3400 qua
2295 3310 2614 3383 ‘Eteocles
2652 3321 2719 3381 et

370 3418 736 3511 Polynices
796 3420 882 3490 ab
940 3421 1209 3494 Iocasta
1262 3444 1399 3494 non
1455 3421 1804 3494 conciliati
1859 3418 2414 3490 diiudicationem
2445 3418 2715 3489 discidii

368 3526 443 3596 in
503 3548 773 3617 pugnae
812 3538 1055 3599 eventu
1110 3539 1497 3619 posuerunt.
1558 3530 1820 3600 Tamen
1874 3528 1947 3599 id
2002 3534 2410 3599 momentum
2467 3526 2605 3596 iam
2643 3527 2715 3595 in

372 3633 927 3706 antecedentibus
983 3636 1251 3708 scaenis
1306 3659 1371 3706 v.
1437 3629 1881 3725 ael—300,
1934 3627 2479 3704 301—442200
2517 3654 2709 3723 prae·

369 3750 682 3830 paratur,
757 3740 933 3830 quod
1009 3742 1106 3813 ibi
1161 3765 1228 3812 v.
1301 3737 1447 3807 261
1562 3743 1924 3834 Polynices
2019 3742 2237 3814 matri
2350 3739 2717 3812 oboediens

368 3856 710 3937 pactoque
764 3847 980 3918 fidens
1035 3848 1306 3920 Thebas
1362 3849 1558 3939 adiit,
1615 3872 1681 3919 v.
1748 3844 1892 3916 301
1958 3857 2184 3921 autem
2276 3843 2548 3919 Iocasta
2629 3847 2718 3918 ad

350 3954 589 4025 lilium
645 3954 1118 4045 excipiendum
1173 3957 1245 4026 in
1301 3977 1619 4029 scaenam
1675 3977 1751 4027 se
1826 3952 2129 4046 contulit,
2223 3963 2720 4046 proptereaque

373 4131 623 4205 partem
672 4126 1002 4191 solutionis
1049 4128 1314 4193 actionis
1360 4133 1827 4231 praeparatque
1872 4129 1962 4202 id,
2011 4124 2177 4209 quod
2222 4128 2287 4192 in
2336 4131 2483 4192 actu
2541 4122 2603 4190 V
2652 4146 2716 4189 v.

372 4208 504 4275 855
553 4233 687 4295 seq.
735 4215 815 4279 ab
862 4214 1059 4281 Atreo
1105 4222 1173 4281 et
1216 4212 1492 4300 Thyeste
1539 4218 1886 4299 peragitur.
1956 4217 2132 4295 Quae
2222 4218 2348 4282 tria
2431 4216 2720 4297 exempla

368 4304 757 4369 narrationis
802 4304 868 4368 i‘n
916 4305 1314 4387 tragoediam
1359 4306 1577 4372 illatae
1623 4307 1710 4372 ad
1755 4312 2037 4372 nostram
2094 4300 2477 4372 sententiam
2543 4298 2721 4378 illus-

352 4393 665 4458 trandam
730 4393 889 4458 satis
936 4396 1101 4461 sunt
