3417 5384
2548 509 2691 601 11‘3'

350 730 644 824 historia
700 751 977 824 heroica
1034 750 1512 824 versabantur.
1557 749 1734 822 Nam
1824 747 1949 822 illa
2038 770 2366 841 persaepe
2421 750 2693 842 heroaS,

348 861 421 931 in
481 861 854 949 angustiaS,
914 861 1157 949 quibus
1214 880 1446 930 eorum
1501 858 1774 930 fortuna
1803 859 2189 929 necessario
2220 869 2690 946 commutatur,

352 969 553 1058 cogit,
577 989 706 1057 quo
729 989 957 1038 eorum
982 967 1177 1038 visin
1201 966 1432 1038 dolore
1458 967 1787 1037 aclabore
1799 966 2077 1038 ferendo
2092 976 2447 1056 appareat.
2471 969 2695 1057 Atque

349 1077 488 1145 iam
547 1074 922 1167 Phrynichi
979 1074 1301 1164 Alcestis,
1362 1084 1434 1144 ut
1488 1073 1868 1163 tragoedia,
1928 1074 2210 1162 quaein
2242 1074 2385 1146 vita
2413 1074 2695 1147 heroum

349 1192 686 1270 versatur,
747 1181 1057 1252 fortunae
1114 1183 1704 1252 commutationem
1762 1182 1834 1250 in
1892 1181 2264 1252 certamine
2303 1181 2480 1252 inter
2517 1182 2691 1254 Her-

353 1290 570 1360 culem
626 1298 693 1359 et
749 1287 1044 1360 Mortem
1078 1288 1471 1378 praebuisse
1493 1289 1764 1360 videtur
1804 1277 1949 1371 ¹8⁶).
2012 1286 2393 1360 Metabasis
2458 1290 2690 1380 igitur,

352 1384 524 1485 quae
580 1397 652 1465 in
709 1395 1083 1485 tragoediis
1140 1397 1536 1486 posterioris
1594 1396 1841 1467 aetatis
1895 1396 2288 1466 necessaria
2352 1417 2517 1486 pars
2576 1419 2688 1469 ac-

351 1505 557 1576 tionis
609 1503 917 1593 tragicae
972 1512 1095 1593 est,
1155 1524 1359 1592 quam
1451 1504 1747 1574 maxime
1838 1503 1900 1572 ei
1955 1503 2055 1573 rei
2151 1502 2459 1594 debetur,
2516 1504 2692 1593 quod

351 1612 488 1707 iam
547 1618 703 1683 ante
758 1610 1175 1703 Aeschylum
1240 1611 1597 1700 tragoedia
1669 1610 2037 1701 praecipue
2087 1610 2157 1679 in
2213 1611 2495 1682 heroum
2549 1613 2691 1683 his·

349 1719 528 1789 toria
585 1740 667 1790 ac
721 1728 905 1789 sorte
987 1719 1252 1789 versari
1337 1706 1846 1808 inceperat¹8⁷).
1936 1715 2115 1789 Sane
2175 1739 2304 1789 uno
2360 1719 2694 1793 histrione

350 1834 596 1916 agente
668 1823 818 1895 fieri
893 1846 1028 1896 non
1122 1826 1363 1916 potuit,
1423 1833 1492 1895 ul·
1578 1823 1947 1896 metabasis
2030 1824 2407 1896 dramatico
2462 1825 2691 1898 id·est

348 1954 470 2023 per
526 1933 864 2004 actionem
921 1942 1434 2023 proponeretur,
1495 1932 1611 2004 sed
1667 1940 1929 2002 tantum
2004 1953 2128 2022 per
2192 1921 2689 2021 ἀπαγγελίαν.

347 2040 442 2112 Ut
525 2039 897 2111 metabasis
978 2039 1357 2112 dramatice
1440 2040 1928 2129 institueretur,
2015 2039 2210 2110 sicuti
2285 2039 2377 2110 im
2454 2038 2690 2133 Suppl.

349 2148 598 2218 Aesch.
665 2141 809 2211 921
875 2167 1041 2236 seq,
1104 2146 1235 2218 duo
1291 2148 1530 2219 saltem
1596 2147 1967 2218 histriones
2042 2148 2415 2218 necessarii
2470 2136 2689 2220 erant.

348 2254 539 2344 Ergo
596 2253 754 2325 inde
810 2254 896 2325 ab
955 2255 1317 2347 Aeschylo,
1396 2255 1511 2343 qui
1542 2246 1832 2324 alterum
1886 2254 2289 2325 histrionem
2348 2255 2692 2326 introdux-

349 2372 520 2450 erat,
637 2360 787 2432 fieri
869 2362 1108 2451 potuit,
1195 2371 1267 2432 ut
1343 2362 1715 2435 metabasis
1785 2360 2175 2432 ⁴dramatice
2250 2362 2322 2432 id
2415 2371 2515 2433 est
2567 2384 2692 2453 per

349 2470 684 2541 actionem
767 2478 1280 2559 proponeretur.
1341 2469 1597 2540 Tamen
1674 2469 1882 2540 etiam
1939 2469 2155 2539 altero
2209 2470 2496 2540 tertiove
2551 2470 2690 2540 his-

347 2577 567 2648 trione
625 2575 858 2647 addito
913 2596 996 2647 ea
1050 2597 1214 2665 pars
1270 2567 1753 2666 μεταβάσεως,
1817 2596 1990 2664 quae
2047 2584 2162 2645 aut
2212 2586 2408 2647 extra
2445 2576 2686 2665 locum,

347 2706 544 2773 quem
602 2704 851 2754 scaena
906 2682 1294 2772 denotabat,
1354 2682 1511 2754 fieri
1561 2683 1873 2771 debebat,
1934 2691 2050 2753 aut
2106 2682 2178 2752 in
2233 2703 2484 2754 scaena
2540 2684 2688 2755 fieri

345 2812 482 2862 non
538 2791 810 2879 licebat,
870 2811 992 2880 per
1049 2779 1520 2878 ἀπαγγελίαν
1568 2790 1639 2859 in
1695 2788 2120 2879 tragoediam
2157 2788 2411 2860 inferre
2447 2801 2690 2880 poetae

347 2898 678 2987 solebant,
736 2907 809 2967 ut
846 2899 917 2967 in
958 2896 1230 2987 Septem
1275 2892 1420 2961 777
1442 2891 1716 2987 -816,
1759 2896 1929 2969 Oed.
1980 2897 2064 2967 R.
2141 2891 2332 2967 1223
2361 2933 2425 2944 -—
2461 2892 2683 2986 1296,

346 3004 555 3095 Hipp.
626 2999 1270 3075 1151—1267aeet
1326 3005 1500 3076 alias
1557 3025 1667 3076 res
1724 2999 2077 3076 se‘babet.

561 3216 847 3307 Origine
930 3220 1354 3290 metabaseos
1439 3217 1784 3308 explicata
1857 3227 2284 3289 revertamur
2335 3221 2449 3291 *ad
2536 3222 2691 3292 illas

347 3325 516 3397 duas
543 3335 796 3415 partes,
830 3326 1074 3414 quibus
1111 3327 1266 3398 finis
1306 3318 1566 3395 δέσεως
1605 3326 1668 3396 et
1700 3325 1969 3395 initium
2009 3316 2302 3396 Mol-:we
2327 3327 2687 3398 definiunt-

347 3442 477 3522 tur,
555 3433 1090 3524 perspiciendas.
1182 3435 1404 3522 Atque
1484 3432 1685 3504 finem
1773 3426 2030 3503 δέσεως
2105 3433 2174 3502 id
2230 3433 2468 3526 μέρος,
2554 3456 2686 3523 qno

348 3550 756 3612 momentum
813 3540 1122 3612 fortunae
1197 3540 1705 3613 convertendae
1769 3539 2078 3623 efficitur,
2138 3541 2404 3611 initium
2462 3552 2686 3612 autem

348 3642 622 3717 λύσεως
698 3648 919 3738 ipsam
992 3637 1244 3741 ἀρχὴν
1330 3649 1460 3731 τῆς
1534 3638 2021 3739 μεταβάσεως,
2079 3649 2207 3720 hoc
2263 3658 2364 3720 est
2420 3650 2687 3719 initium

350 3756 813 3826 conversionis
871 3755 1082 3844 ipsius
1139 3756 1473 3844 fortunae,
1541 3776 1688 3827 esse
1745 3755 1882 3825 iam
1923 3756 2249 3845 exemplis
2317 3755 2392 3827 G.
2454 3757 2558 3826 111
2617 3758 2687 3826 h.

347 3863 506 3935 diss.
569 3862 818 3933 allatis
862 3862 1396 3933 demonstratum
1455 3872 1577 3933 est.
1632 3861 1871 3933 Restat
1936 3864 2169 3952 igitur,
2229 3872 2299 3931 ut
2358 3864 2485 3933 hoc
2544 3865 2688 3934 loco

345 3971 470 4040 has
529 3970 698 4041 duas
754 3979 985 4060 partes
1070 3992 1107 4042 e
1191 3970 1477 4059 singulis
1570 3969 1946 4058 tragoediis
2031 3970 2421 4041 enucleatas
2508 3981 2691 4041 certo

887 4107 981 4114 0—-

548 4158 671 4290 Iffiss)
724 4163 820 4226 De
871 4166 1240 4242 argumento
1292 4161 1507 4225 Alcest
1576 4160 1807 4243 Phryn.
1860 4161 2001 4226 vide
2074 4161 2333 4225 Wilam.
2388 4158 2572 4223 llere.
2641 4161 2691 4238 I,

268 4302 277 4308 ’
344 4270 400 4332 p'
452 4249 667 4420 921ἐπ)
718 4340 970 4403 wuam.
1026 4339 1188 4403 Here
1256 4340 1307 4418 Ι,
1356 4359 1420 4420 p.
1473 4339 1607 4406 9:3¹:
1660 4340 1849 4414 „Una
1899 4359 1967 4404 er
2013 4337 2123 4417 (se.
2174 4333 2525 4421 Aischylos)
2568 4339 2692 4419 gaab

347 4431 486 4494 dem
535 4429 977 4510 Bocksgesang
1024 4430 1124 4494 die
1174 4430 1574 4510 Heldensage
1622 4450 1764 4495 zum
1811 4429 2041 4493 lnhalt:
2092 4429 2293 4493 damit
2378 4448 2505 4493 war
2580 4429 2694 4492 dus

347 4519 680 4600 Tragische
713 4518 1089 4599 gesundeir‘.
1124 4607 1128 4612 ι

2550 4649 2587 4705 8
