3417 5384
610 452 615 459 ι
659 411 807 487 120

647 643 944 705 mentum
1002 634 1288 705 actionis
1345 634 1548 705 totius
1605 634 1878 704 fabulae
1936 655 1971 703 e
2055 634 2390 704 sententia
2463 633 2677 723 ipsius
2751 640 3001 723 poetae

645 741 945 813 efficere.
1005 730 1011 735 ’
2080 803 2086 810 .

861 847 1321 919 Collocatione
1378 869 1459 918 ac
1514 849 1944 942 tractatione
1980 849 2123 918 eius
2181 846 2464 939 μέρους,
2509 869 2551 918 a
2597 869 2727 936 quo
2783 837 2995 940 ἀρχὴ

647 958 778 1049 τῇς
835 946 1088 1045 μεταβ.
1149 955 1418 1045 pendet,
1481 954 1660 1044 apud
1733 962 1871 1026 tres
1950 964 2183 1045 poetas
2270 954 2571 1027 Graecos
2627 963 2992 1045 perspecta

646 1062 803 1133 fieri
860 1083 996 1133 non
1052 1071 1293 1152 potest,
1355 1062 1515 1151 quin
1571 1064 1643 1132 in
1719 1083 1801 1132 ea
1875 1063 2215 1153 triplicem
2272 1063 2813 1153 progressionem
2872 1062 2991 1132 de-

648 1169 1171 1259 prehendamus.
1250 1170 1475 1258 Atque
1547 1190 1683 1239 una
1755 1170 2147 1265 progressio
2220 1169 2452 1241 tendit.
2514 1179 2586 1239 ut
2642 1169 2713 1241 id
2773 1167 2992 1260 μέρος

590 1338 593 1339 ⁷
651 1276 940 1348 decursu
996 1277 1321 1367 temporis
1376 1278 1598 1367 magis
1636 1266 1989 1366 magisque
2027 1270 2115 1348 ab
2154 1278 2351 1348 initio
2390 1277 2767 1357 solutionis,
2808 1275 2992 1364 quod

650 1384 1059 1455 Aristoteles
1114 1373 1368 1479 ἀρχὴν
1425 1385 1555 1464 τῆς
1611 1374 1865 1474 μεταβ.
1926 1393 2146 1472 vocat,
2227 1404 2348 1473 per
2422 1385 2766 1456 choricum
2850 1383 2991 1453 dis-

649 1492 1031 1580 iungatur:‘
1071 1491 1192 1581 ita,
1223 1500 1296 1562 ut
1351 1492 1486 1561 iam
1544 1490 1863 1581 vidimus,
1942 1491 2012 1561 in
2091 1483 2409 1582 33¹l30lo
2482 1490 2993 1580 tragoediarum

650 1598 1204 1692 Aeschylearum,
1264 1598 1334 1668 in
1395 1589 1687 1689 855l7⁰l0
1751 1597 2304 1688 Sophoclearum,
2364 1601 2436 1670 in
2503 1590 2757 1687 1000]υ
2786 1597 2991 1667 Euri·

650 1705 1004 1796 pidearum
1059 1706 1131 1776 id
1187 1704 1405 1798 μέρος
1461 1706 1547 1776 ab
1604 1726 1686 1776 ea
1745 1715 1960 1795 parte,
2047 1728 2182 1795 qua
2273 1696 2477 1800 ἀρχὴ
2535 1708 2664 1789 τῆς
2739 1695 2989 1796 μεταβ.

649 1813 1070 1909 proponitur,
1130 1835 1254 1903 per
1311 1813 1659 1884 choricum
1716 1813 2124 1899 disiunctum
2179 1823 2298 1884 est.
2335 1814 2577 1885 Altera
2603 1811 2993 1903 progressio

648 1922 721 1992 in
778 1943 856 1992 eo
913 1920 1337 2012 observatur,
1396 1921 1575 2010 quod
1631 1920 1702 1991 id
1761 1919 1977 2014 μέρος
2032 1923 2320 1993 decursu
2375 1923 2702 2011 temporis
2770 1919 2996 2008 magis

650 2029 1003 2119 magisque
1060 2028 1146 2099 ab
1203 2029 1443 2099 ultima
1496 2037 1696 2119 parte
1754 2029 2041 2100 actionis
2098 2030 2525 2101 histrionalis
2581 2029 2652 2098 in
2718 2029 2994 2098 tertiam

651 2159 690 2207 a
746 2136 879 2206 fine
936 2136 1232 2207 transire
1288 2135 1531 2207 studet:
1592 2137 1715 2224 ita,
1774 2143 1846 2204 ut
1927 2138 2066 2208 iam
2150 2136 2538 2226 explanavi,
2628 2137 2700 2205 in
2788 2125 2996 2219 5004,

649 2254 828 2333 trag.
888 2243 1427 2334 Aeschylearum
1483 2243 1553 2313 id
1609 2241 1826 2334 μέρος
1880 2244 1952 2314 in
2010 2253 2205 2334 parte
2259 2244 2519 2330 ultima,
2555 2244 2628 2312 in
2681 2230 2998 2332 7l3l4⁰s0

652 2351 1184 2442 Sophoclearum
1239 2352 1311 2421 in
1395 2360 1589 2445 parte
1697 2351 2140 2442 paenultima,
2210 2351 2279 2420 in
2395 2345 2488 2422 93
2522 2340 2743 2440 ¹l3⁰s0
2850 2348 2994 2418 Eu-

647 2459 1068 2549 ripidearum
1176 2459 1249 2528 in
1359 2450 1553 2549 parte
1643 2459 1849 2529 tertia
1923 2479 1964 2530 a
2054 2458 2198 2531 fine·
2279 2460 2670 2530 collocatur.
2760 2456 2994 2549 Tertia

649 2561 1035 2657 progressio
1091 2567 1163 2637 in
1218 2588 1296 2637 eo
1353 2566 1943 2657 animadvertitur,
2036 2566 2214 2656 quod
2305 2566 2594 2638 decursu
2667 2564 3029 2654 temporis.

649 2674 720 2744 id
777 2671 993 2765 μέρος
1047 2674 1135 2744 ab
1191 2695 1326 2745 una
1383 2695 1634 2745 scaena
1687 2674 1909 2763 magis
1964 2675 2317 2764 magisque
2374 2676 2446 2744 in
2474 2684 2615 2745 tres
2634 2674 2743 2745 vel
2764 2674 2995 2762 plures

649 2801 935 2853 scaenas
990 2783 1169 2853 inter
1225 2803 1297 2853 se
1354 2781 1723 2872 pendentes
1779 2802 1852 2851 se
1964 2782 2313 2872 porrigere
2423 2792 2489 2852 et
2573 2779 2996 2871 amplificare

600 2888 892 2960 '‘studet:
951 2889 1072 2978 ita,
1134 2897 1205 2958 ut
1258 2890 1398 2959 iam
1454 2888 1987 2960 demonstratum
2043 2898 2166 2978 est,
2226 2888 2296 2958 id
2352 2886 2568 2981 μέρος
2601 2890 2695 2958 ,in
2735 2874 2994 2974 100019

649 2994 1162 3084 tragoediarum
1218 2995 1760 3086 Aeschylearum
1816 3018 1899 3065 ex
1956 3006 2091 3065 una
2146 3016 2416 3080 scaena,
2503 2996 2577 3064 in
2672 2982 2999 3084 855l7⁰l0

652 3101 1179 3191 Sophoclearum
1236 3125 1321 3174 ex
1379 3103 1641 3175 duabus
1696 3104 1986 3192 scaeniS,
2046 3104 2117 3172 in
2178 3093 2530 3193 766s150l0
2584 3099 2997 3191 Euripidea-

650 3231 799 3280 rum
856 3231 894 3280 e
946 3198 1164 3281 tribus
1221 3212 1329 3281 vel
1385 3211 1692 3301 pluribus
1751 3211 2017 3282 scaenis
2074 3219 2356 3280 constat.
2442 3210 2633 3299 Ergo
2707 3208 2998 3279 decursu

651 3318 978 3407 temporis
1032 3317 1104 3388 id
1160 3316 1397 3410 μέρος,
1458 3339 1587 3407 quo
1642 3327 2051 3389 momentum
2110 3316 2421 3388 fortunae
2497 3314 2999 3389 convertendae

654 3423 1036 3515 adducitur,
1094 3426 1314 3515 magis
1369 3427 1723 3515 magisque
1779 3426 1850 3496 in
1907 3434 2171 3516 partem
2229 3446 2352 3515 per
2408 3446 2480 3496 se
2571 3426 2864 3521 positam
2921 3443 3001 3492 se

653 3532 1007 3621 convertit,
1067 3553 1201 3620 qua
1256 3541 1397 3604 tota
1453 3534 1631 3604 actio
1685 3534 1760 3602 in
1817 3533 1985 3604 duas
2040 3534 2219 3603 inter
2273 3555 2347 3604 se
2376 3532 2519 3603 fere
2574 3552 2776 3622 pares
2831 3550 2995 3621 par-

652 3648 754 3710 tes
836 3638 1187 3727 dividitur,
1271 3660 1556 3727 quarum
1613 3641 1803 3730 prior
1856 3649 1998 3711 tota
2053 3639 2224 3709 illud
2279 3637 2495 3731 μέρος
2534 3638 2799 3710 efficere
2854 3646 2995 3709 s'tu-

591 3807 596 3811 .
652 3746 788 3835 det,
821 3747 1039 3817 altera
1082 3754 1304 3816 autem
1361 3768 1443 3817 ex
1499 3769 1577 3818 eo
1632 3748 1783 3837 ipso
1846 3756 2138 3819 emanat.

866 3957 1033 4029 Cum
1092 3950 1272 4050 apud
1327 3959 1732 4050 Euripidem
1842 3961 1912 4030 id
1969 3960 2208 4053 μέρος,
2322 3962 2500 4050 quod
2585 3958 3000 4031 momentum

652 4067 962 4138 fortunae
1019 4067 1516 4138 convertendae
1574 4068 1898 4157 continet,
1955 4069 2228 4139 tertiam
2287 4091 2329 4138 a
2383 4069 2518 4140 fine
2571 4078 2840 4158 partem
2879 4089 2998 4139 ac-

650 4173 874 4244 tionis‘
907 4166 1330 4245 histrionalis
1387 4185 1770 4265 occuparet,
1829 4196 1964 4245 non
2019 4184 2120 4246 est
2211 4178 2480 4258 mirum,
2568 4176 2744 4263 quod
2802 4185 2993 4247 actus

650 4281 890 4353 tertius
946 4279 1327 4352 fabularum
1387 4304 1423 4351 e
1479 4281 1792 4353 doctrina
1845 4279 2138 4371 qu‘inque
2195 4294 2486 4366 actuum,
2513 4291 2586 4352 ut
2606 4283 3000 4354 testimonia

652 4387 740 4458 ad
832 4407 980 4458 eam
1073 4389 1487 4479 pertinentia
1582 4397 1817 4479 aperte
1930 4389 2191 4470 docent,
2335 4391 2559 4480 ipsum
2642 4389 2997 4480 fastigium
