3417 5384
601 475 752 553 124

595 695 1168 784 circumcluditur,
1228 695 1396 766 satis
1456 694 1732 766 dubium
1789 716 1938 766 esse
1994 695 2283 783 videtur,
2345 691 2507 784 quia
2562 696 2739 766 inter
2792 703 2939 766 tra·

593 803 872 893 goedias
930 800 1249 892 Senecae,
1311 823 1485 890 quae
1541 798 1837 891 quinque
1906 811 2094 874 actus
2116 804 2464 892 praebent,
2490 812 2555 873 et
2585 823 2700 874 eas
2730 802 2939 872 Euri-

592 910 852 1000 pideaS‚
894 910 1292 998 quibuscum
1332 910 1496 981 illae
1518 908 1968 981 conferendae
1989 918 2165 1000 sunt,
2189 909 2583 993 differentia
2600 909 2939 999 quaedam

594 1018 665 1086 in
725 1015 1256 1113 conformatione
1312 1018 1516 1107 primi
1576 1016 1765 1089 actus
1822 1018 1967 1088 sive
2026 1019 2289 1108 primae
2343 1018 2562 1108 partis
2645 1016 2939 1088 actionis

591 1124 1018 1195 histrionalis
1073 1124 1464 1214 percipitur.
1528 1121 1719 1212 Quae
1774 1125 1843 1194 in
1883 1145 1963 1196 eo
1998 1126 2221 1215 posita
2259 1143 2407 1196 esse
2445 1123 2733 1214 videtur,
2758 1122 2940 1212 quod

593 1231 773 1322 apud
830 1230 1156 1303 Senecam
1214 1232 1473 1321 primus
1529 1241 1720 1302 actus
1800 1252 1927 1322 per
1970 1233 2193 1323 ipsam
2227 1231 2561 1322 parodum
2615 1231 2936 1302 determi-

591 1347 790 1410 natus
894 1347 1155 1409 tantum
1228 1338 1717 1429 expositionem
1791 1339 2087 1429 exhibet,
2165 1348 2402 1412 contra
2458 1338 2640 1429 apud
2729 1337 2934 1408 Euri·

590 1446 818 1536 pidem
876 1447 1099 1536 prima
1154 1466 1317 1536 pars
1373 1446 1662 1517 actionis
1717 1446 2142 1519 histrionalis
2198 1446 2529 1537 parodum
2584 1444 2938 1518 commati-

594 1575 745 1624 cam
804 1552 1164 1632 ostendens
1238 1562 1304 1624 et
1358 1552 1870 1643 'expositionem
1925 1563 1992 1624 et
2036 1555 2312 1624 initium
2398 1553 2698 1624 actionis
2729 1548 2939 1624 totius

594 1660 867 1731 fabulae
941 1661 1261 1750 continet.
1340 1660 1510 1731 Inde
1566 1681 1731 1731 sane
1791 1659 2191 1757 concludere
2246 1661 2428 1751 licet,
2488 1661 2558 1730 in
2625 1659 2940 1731 doctrina

590 1768 888 1857 quinque
961 1776 1230 1839 actuum
1341 1767 1809 1839 constituenda
1918 1777 2180 1839 tantum
2290 1767 2383 1858 id,
2465 1767 2673 1862 ⁴quod
2764 1765 2937 1837 illud

592 1872 808 1967 μέρος
917 1874 1096 1965 apud
1178 1874 1583 1962 Euripidem
1692 1876 1763 1944 in
1820 1877 2054 1956 tertia⁸
2085 1897 2126 1946 a
2207 1874 2340 1946 fine
2396 1884 2592 1965 parte
2647 1874 2936 1945 actionis

591 1982 1016 2053 histrionalis
1089 1983 1449 2072 reperitur,
1526 2003 1744 2072 neque
1833 1982 1928 2074 id,
2021 1981 2200 2072 quod
2289 1981 2460 2053 illud
2525 1976 2740 2074 μέρος
2795 1980 2936 2052 iam

593 2089 772 2180 apud
854 2089 1255 2180 Euripidem
1328 2090 1400 2159 in
1488 2083 1585 2156 43
1618 2079 1725 2179 3l4
1751 2080 1859 2180 ⁰l0
1967 2088 2474 2179 tragoediarum
2585 2110 2659 2159 re
2767 2107 2936 2159 vera

590 2217 717 2287 per
753 2196 958 2268 'duas
1024 2205 1257 2287 partes
1349 2197 1637 2268 actionis
1693 2196 2120 2269 histrionalis
2185 2197 2701 2269 circumclusum
2758 2203 2929 2283 erat,

594 2304 913 2375 valuisse.
975 2303 1086 2374 Ad
1151 2324 1354 2392 quam
1447 2305 1855 2393 sententiam
1949 2303 2489 2379 confirmandam
2573 2298 2779 2375 etiam
2860 2301 2934 2372 id

591 2420 1001 2482 momentum
1076 2409 1327 2483 afferre
1398 2412 1638 2501 potuit,
1734 2412 1911 2500 quod
2005 2411 2185 2502 apud
2295 2411 2619 2483 Senecam
2731 2402 2940 2501 paro·'

593 2519 716 2590 dus
773 2519 1174 2591 commatica
1236 2518 1485 2590 Troad.
1586 2513 1678 2584 67
1748 2555 1840 2568 --
1915 2513 2056 2585 163
2143 2518 2231 2613 ad
2288 2518 2457 2591 duas
2528 2527 2761 2609 partes
2819 2538 2931 2588 ac·

593 2625 797 2698 tionis
853 2624 1281 2698 histrionalis
1356 2626 1501 2697 sive
1575 2626 1663 2697 ad
1740 2627 1905 2698 duos
1963 2624 2153 2698 actus
2210 2623 2692 2716 disiungendos
2748 2625 2934 2696 valet

592 2736 795 2823 longe
852 2733 1056 2804 aliter
1113 2742 1312 2822 atque
1370 2733 1551 2824 apud
1607 2733 2036 2824 Euripidem,
2087 2733 2268 2824 apud
2305 2756 2522 2823 ’quem
2579 2733 2701 2803 illa
2758 2753 2932 2803 sem-

592 2863 717 2932 per
771 2841 1126 2931 prologum
1183 2848 1250 2917 et
1305 2841 1596 2931 primum
1673 2841 2049 2931 episodium
2105 2842 2177 2911 in
2234 2861 2438 2912 unam
2494 2849 2757 2930 partem
2815 2859 2934 2911 ac-

593 2949 798 3019 tionis
854 2947 1291 3019 histrionalis
1338 2948 1709 3037 coniungit.
1770 2948 2025 3020 Tamen
2062 2969 2198 3019 non
2255 2946 2935 3039 praetermittendum

594 3065 717 3144 est,
778 3053 957 3144 quod
1014 3052 1297 3126 Seneca·
1325 3056 1505 3128 hanc
1563 3056 2037 3127 commaticam
2093 3055 2422 3146 parodum
2479 3057 2681 3146 longe
2732 3054 2936 3126 aliter

595 3171 796 3251 atque
850 3161 1219 3252 Euripides
1275 3172 1718 3255 tractaverat,
1777 3163 1954 3234 unde
2019 3162 2168 3235 sine
2233 3162 2435 3235 dubio
2493 3162 2770 3234 diversa
2827 3163 2936 3246 vis

593 3268 836 3360 parodi
867 3270 1306 3342 commaticae
1345 3269 1543 3362 apud*
1582 3270 1911 3343 Senecam
1961 3280 2026 3341 et
2075 3270 2476 3360 Euripidem
2517 3269 2933 3361 explicatur.

592 3375 775 3449 Nam
833 3396 982 3449 cum
1041 3376 1220 3468 apud
1277 3376 1604 3450 Senecam
1660 3379 1783 3449 illa
1838 3399 2150 3469 persona,
2212 3380 2318 3450 cui
2374 3378 2619 3468 parodi
2660 3376 2931 3449 confor-

593 3484 805 3555 matio
862 3486 1265 3556 commatica
1339 3485 1644 3574 debetur,
1724 3507 1817 3557 sc.
1896 3485 2181 3557 Hecuba
2238 3487 2471 3557 statim
2528 3485 2788 3576 parodo
2844 3483 2932 3555 fi-

592 3593 740 3661 nita
795 3612 862 3660 v.
932 3585 1074 3657 163
1136 3612 1456 3663 scaenam
1531 3593 1875 3682 relinquat
1936 3613 2155 3682 neque
2229 3594 2301 3662 in
2356 3600 2677 3681 sequente
2733 3600 2935 3691 parte

595 3698 883 3770 actionis
938 3698 1361 3771 histrionalis
1417 3721 1482 3770 v.
1550 3693 1965 3766 114-370
2025 3709 2210 3789 agat,
2270 3697 2351 3789 fit
2405 3699 2817 3787 necessario,
2859 3708 2937 3768 ut

595 3804 913 3876 continua
986 3805 1165 3877 actio
1234 3827 1677 3896 personarum
1753 3807 1982 3878 statim
2048 3815 2203 3897 post
2257 3807 2587 3897 parodum
2617 3829 2710 3877 ν.
2780 3799 2930 3871 163

592 3913 1150 4003 interrumpatur,
1209 3915 1295 3984 ob
1351 3934 1634 4004 eamque
1685 3935 1963 3986 causam
2038 3910 2482 4005 ‚2prologum“
2549 3922 2619 3985 et
2684 3933 2926 4004 „paro-

593 4020 718 4091 dus
776 4016 1218 4092 commatica“
1283 4042 1487 4092 unam
1532 4031 1824 4112 partem,
1894 4016 2269 4112 „primum“
2356 4029 2578 4092 autem
2666 4020 2933 4110 „episo-

595 4122 822 4197 dium“
889 4128 1176 4199 alteram
1233 4137 1497 4216 partem
1553 4149 1675 4219 per
1714 4150 1786 4200 se
1824 4130 2114 4218 positam
2152 4138 2709 4218 repraesentent3
2770 4149 2930 4199 con-

594 4244 704 4304 tra
761 4256 910 4307 cum
968 4234 1149 4325 apud
1203 4234 1605 4326 Euripidem
1679 4255 1995 4327 persona,
2085 4237 2270 4307 cuius
2359 4237 2752 4326 praesentia
2807 4257 2929 4324 pa-

591 4341 796 4413 rodus
854 4343 1255 4413 commatica
1307 4341 1412 4431 fit,
1471 4352 1537 4413 et
1589 4343 1663 4413 in
1719 4344 2001 4433 prologo
2074 4353 2140 4414 et
2223 4345 2293 4413 in
2349 4343 2570 4433 primo
2626 4342 2931 4432 episodio

595 4458 780 4540 agat,
837 4448 914 4520 fit
967 4450 1167 4540 ultro,
1228 4457 1298 4519 ut
1352 4450 1516 4523 illae
1571 4459 1710 4525 tres
1766 4459 1998 4546 partes
2051 4470 2256 4526 unam
2314 4459 2579 4545 partem
2639 4449 2928 4527 actionis

2959 26 2964 27 ⁷
3033 10 3088 23 ee·
3099 14 3118 23 -
3133 0 3332 47 ῬἛΞ-ζ
