3417 5384
2628 482 2724 553 65

385 659 585 790 quam
652 694 1119 792 haud'saepe,
1187 676 1568 792 usurpasse·
1600 700 1911 784 videtur.
1970 702 2092 772 Jta
2148 702 2327 790 apud
2364 702 2728 771 eum‘haec

384 809 693 897 quinque.
737 809 1022 880 stasima
1068 810 1524 898 inveniuntur,
1585 829 1758 896 quae
1811 830 1955 878 non·
2001 811 2303 898 strophis
2359 809 2730 898 composita

386 926 571 985 sunt:
597 915 807 1005 Hipp.
846 911 1141 983 1268-
1173 911 1389 1001 1281,
1414 910 2160 999 He0.4024--1034‚
2192 916 2389 991 Herc,
2436 909 2623 981 1016
2655 950 2727 960 -

405 1017 621 1112 1027,
700 1022 838 1093 Jon
905 1016 1450 1111 laea—1249,
1511 1022 1756 1109 quibus
1813 1022 2126 1112 omnibus
2182 1022 2497 1111 choricis‚
2558 1021 2735 1110 quod

387 1129 689 1217 notabile
728 1138 853 1216 est,
914 1129 1292 1217 episodium
1347 1129 1656 1199 ultimum
1715 1128 1801 1198 ab
1859 1128 2072 1199 exodo
2127 1129 2537 1217 diiungitur;
2583 1128 2734 1198 Hel.

276 1322 281 1329 .
392 1230 840 1324 512-527,
900 1237 1078 1323 quod
1135 1259 1211 1307 re
1272 1257 1436 1307 vera
1490 1234 1901 1324 epiparodus
1977 1247 2098 1317 est,
2168 1256 2304 1323 qua
2359 1235 2733 1324 episodium

388 1343 682 1429 primum
740 1344 826 1412 ab
886 1343 1103 1425 altero
1161 1342 1532 1414 divellitur.
1590 1341 1964 1417 Praeterea
2040 1344 2535 1413 commaticum·
2566 1341 2612 1411 J
2621 1342 2733 1431 ph.

388 1449 591 1521 Taur.
659 1442 808 1520 643
858 1487 890 1496 —
928 1443 1075 1513 657
1132 1449 1277 1519 loco
1335 1448 1596 1523 stasimi
1656 1440 1956 1535 positum,
2030 1450 2518 1536 amenophis
2560 1470 2732 1518 com-

388 1557 683 1644 positum
740 1565 843 1625 est
926 1555 1120 1642 Quod
1174 1557 1345 1626 hacc
1403 1542 1686 1647 stasima
1761 1556 1868 1624 vel
1945 1556 2213 1625 cantica
2291 1556 2435 1627 loco
2510 1577 2740 1624 eorum

390 1663 613 1750 posita
668 1684 820 1752 ‚non
938 1663 1237 1752 strophis
1327 1663 1698 1750 composita
1784 1671 1960 1751 sunt,
2064 1662 2132 1731 id
2237 1684 2319 1732 ex
2398 1662 2742 1747 brevitate

390 1791 618 1839 eorum
697 1770 866 1840 satis
921 1762 1325 1857 explicatur.
1392 1824 1396 1829 .
2133 1784 2141 1793 ’

524 2047 533 2061 ,
604 1983 865 2069 Restat,
943 1992 1015 2051 ut
1072 1983 1155 2052 de
1230 1984 1739 2063 mutationibuS‚
1819 2004 1987 2071 quas
2045 1981 2489 2054 conformatio
2546 2003 2731 2053 scae·

394 2090 554 2158 nica
608 2090 890 2159 ultimae
946 2091 1167 2178 partis
1222 2089 1619 2177 tragoediae
1677 2089 1837 2160 inde
1912 2115 1953 2160 a
2016 2089 2411 2179 primordiis
2463 2098 2734 2178 tragoe-

394 2195 661 2282 diarum
720 2216 931 2284 usque
988 2195 1075 2266 ad
1132 2195 1531 2285 Euripidem
1586 2212 1798 2285 passa·
1853 2206 1972 2286 est,
2036 2196 2295 2284 aliquid
2352 2195 2575 2267 dicam
2673 2223 2677 2227 ·

610 2302 703 2374 Ut
758 2325 841 2373 ex
896 2304 1139 2372 ultima
1201 2311 1398 2392 parte
1457 2301 1529 2372 C.
1593 2303 1623 2371 I
1679 2303 1748 2372 h.
1821 2302 1984 2374 diss.
2057 2312 2470 2391 compertum
2527 2303 2734 2371 habo-

393 2430 565 2496 muS,
626 2409 879 2480 exodus
935 2410 1007 2479 in
1063 2410 1422 2499 tragoedia
1477 2411 1939 2482 vetustissima
1995 2410 2163 2482 illud
2222 2410 2567 2481 choricum
2605 2409 2736 2479 hoc

394 2524 497 2586 est
552 2508 776 2606 μέλος
833 2522 1070 2608 χοροῦ
1127 2515 1609 2605 signifacabat‚
1678 2538 1811 2604 quo
1887 2517 2241 2606 tragoedia
2296 2518 2450 2605 ipsa
2508 2515 2596 2586 ad
2654 2515 2730 2584 {i-

391 2643 547 2692 nem
631 2622 911 2711 perduci
987 2625 1270 2695 solebat.
1360 2623 1793 2713 Quapropter
1874 2624 2336 2712 quaerendum
2419 2636 2542 2710 est,
2603 2642 2735 2710 quo

390 2729 590 2798 modo
645 2729 896 2799 factum
970 2732 1080 2819 sit,
1158 2742 1231 2800 ut
1305 2740 1526 2801 aetate
1584 2732 1955 2818 posteriore
2011 2728 2368 2819 tragoedia
2425 2751 2558 2799 non
2615 2751 2736 2818 per

392 2836 563 2905 illud
621 2835 990 2913 ehericum,
1048 2838 1168 2909 sed
1225 2859 1346 2926 per
1401 2845 1663 2926 partem
1711 2838 2098 2908 recitatoris
2136 2836 2441 2907 finiatur.
2486 2837 2566 2905 In
2602 2857 2737 2924 qua

391 2943 786 3039 quaestione
842 2944 1170 3014 solvenda
1226 2946 1344 3014 vix
1397 2946 1470 3014 in
1535 2945 1663 3014 hoc
1731 2945 2162 3033 acquiescere
2230 2966 2602 3031 possumus,
2666 2954 2736 3011 ut

390 3058 792 3137 statuamus,
879 3051 1185 3121 decursu.
1251 3052 1575 3141 temporis
1618 3125 1620 3128 ,
1659 3052 1830 3121 illud
1915 3044 2137 3142 μέλος
2221 3056 2481 3145 χοροῦ,
2558 3050 2734 3138 quo‘l

393 3155 628 3229 eadem
689 3157 1137 3247 amplitudine
1212 3167 1414 3246 atque
1469 3157 1775 3246 parodus
1830 3157 1978 3238 fuit,
2039 3159 2108 3227 in
2163 3159 2287 3226 illa
2344 3167 2504 3248 syst.
2569 3177 2730 3233 ana-

393 3263 719 3350 paestica,
780 3284 955 3352 quae
994 3265 1127 3334 dux
1186 3266 1375 3335 chori
1432 3267 1556 3337 sub
1632 3266 1772 3335 fine
1837 3265 2115 3335 ultimae
2174 3266 2390 3351 partis
2448 3264 2735 3334 actionis

393 3369 820 3441 histrionalis
877 3371 1105 3442 dicere
1161 3360 1446 3460 solebat,
1507 3381 1858 3444 contracta
1913 3393 2081 3460 esse,
2124 3372 2445 3458 quoniam
2484 3371 2554 3438 in
2593 3379 2729 3439 tra-

393 3476 659 3563 goediis
715 3477 988 3548 traditis
1044 3479 1320 3567 gradus,
1381 3479 1623 3566 quibus
1683 3480 1771 3550 ab
1829 3479 1949 3548 illo
2004 3480 2173 3548 satis
2250 3476 2517 3564 prolixo
2574 3477 2733 3545 cho-

396 3585 538 3653 rico
595 3582 685 3653 ad
741 3584 912 3654 haec
978 3586 1304 3656 nonnulla
1378 3595 1538 3677 syst.
1620 3587 2061 3675 anapaestica
2133 3591 2545 3662 transeatur,
2602 3604 2738 3652 non

395 3690 625 3761 tbserx
645 3700 870 3759 antur.
957 3691 1124 3760 Inde
1200 3713 1360 3762 vero
1435 3692 1861 3762 statuendum
1928 3702 2051 3781 est,
2111 3690 2537 3780 tragoediam
2597 3699 2735 3759 tum

395 3797 514 3865 illo
573 3797 848 3866 chorico
889 3798 1198 3869 concludi
1258 3801 1464 3870 licere
1524 3809 1725 3887 atque
1782 3798 2052 3887 debere,
2134 3801 2190 3869 si
2261 3800 2413 3885 ipsa
2470 3798 2736 3866 initium

396 3929 437 3971 a
492 3903 698 3974 simili
759 3896 983 3993 μέλος
1039 3911 1276 3997 χοροῦ
1353 3907 1627 3995 ceperit.
1708 3906 1821 3975 Sic
1845 3907 2025 3975 enim
2101 3905 2488 3976 distributio
2547 3904 2736 3973 chori

396 4011 693 4097 part-ium
752 4031 1050 4081 consona
1106 4024 1309 4100 atque
1368 4034 1747 4100 congruens
1822 4011 2007 4082 effici
2084 4011 2371 4081 videtur.
2428 4008 2622 4097 Quod
2678 4009 2736 4079 si

396 4116 577 4186 recte
638 4138 710 4188 se
766 4117 997 4197 habet,
1069 4140 1343 4190 necesse
1409 4128 1531 4207 est,
1600 4130 1673 4189 ut
1738 4119 1971 4208 Suppl.
2044 4118 2285 4189 Aesch.
2346 4116 2541 4188 nobis
2596 4127 2738 4186 tra·

395 4223 678 4310 goediae
700 4224 1214 4312 antiquissimae
1235 4225 1518 4296 formam
1534 4216 1936 4316 praebeant¹
1960 4216 2070 4310 ¹⁹).
2090 4223 2345 4295 Contra
2356 4247 2506 4294 cum
2521 4225 2693 4312 prim
2705 4246 2740 4288 ί)

614 4446 723 4525 ¹¹⁹)
776 4450 871 4512 cf.
920 4449 1071 4511 adn.
1125 4447 1320 4510 69.-
1373 4448 1525 4512 Cum
1577 4470 1608 4510 e
1660 4449 1999 4529 partitione
2051 4447 2455 4512 Aristotelica
2503 4447 2743 4511 exodus

2598 4581 2634 4634 5
