3417 5384
2705 471 2850 545 103

507 693 823 778 quoniam
920 693 1005 790 iis
1095 694 1426 784 perfacile
1517 694 1615 784 fit,
1711 703 1785 765 ut
1877 696 2219 767 auditores
2302 696 2581 765 ineam
2639 694 2848 764 animi

509 799 1005 873 affectationem
1099 801 1530 891 inducantur,
1626 823 1761 891 qua
1852 824 2146 891 persona
2237 803 2612 891 primarum
2688 822 2846 889 par·

504 907 671 997 tium
754 908 1035 996 regitur.
1121 907 1344 998 Atque
1426 910 1647 1000 ipsum
1732 894 1955 1001 μέλὸς
2012 899 2156 971 ἀπὸ
2218 910 2501 995 σκηνῆς
2555 909 2849 998 primum

507 1014 595 1083 ab
686 1011 1019 1103 Euripide
1113 1016 1512 1086 elementum
1603 1017 1872 1107 prologi
1958 1018 2104 1086 sive
2186 1016 2631 1104 expositionis
2705 1013 2846 1085 fac-

506 1130 644 1190 tum
736 1142 885 1192 esse
978 1122 1135 1194 inde
1228 1124 1600 1194 verisimile
1706 1123 2039 1213 redditur,
2134 1121 2312 1211 quod
2405 1144 2556 1194 cum
2669 1120 2849 1211 apud

510 1227 921 1319 Aeschylum
977 1231 1237 1319 pariter
1294 1239 1495 1318 atque
1553 1231 1732 1319 apud
1790 1230 2191 1320 Sophoclem
2266 1239 2527 1300 tantum
2585 1231 2656 1299 in
2713 1250 2847 1300 uno

512 1335 790 1425 prologo
849 1333 971 1414 (sc.
1033 1335 1239 1407 Prom
1321 1347 1385 1407 et
1461 1328 1608 1430 El.)
1692 1339 2095 1425 reperiatur,
2184 1336 2364 1429 apud
2445 1335 2848 1427 Euripidem

510 1443 581 1511 in
641 1437 681 1507 6
740 1443 1044 1532 prologis
1096 1433 1371 1534 (Andr.‚
1432 1443 1707 1532 Troad,
1769 1444 1906 1525 El„
1968 1445 2148 1533 Hel.,
2210 1444 2404 1533 Hec.,
2465 1434 2617 1535 Ion)
2654 1444 2845 1515 inve·

511 1550 712 1619 nitur.
773 1547 883 1620 Ex
938 1550 1265 1622 hactenus
1323 1551 1521 1623 dictis
1577 1552 1935 1640 evincitur,
1996 1551 2397 1641 Euripidem
2454 1552 2527 1620 in
2585 1551 2847 1639 prologi

512 1656 1040 1728 confo1matione
1097 1658 1479 1730 dramatica
1535 1679 1803 1757 semper
1860 1680 2010 1730 eam
2066 1660 2287 1748 legem
2337 1667 2635 1729 secutum
2674 1679 2845 1746 esse,

510 1772 581 1833 ut
634 1772 812 1836 totus
870 1766 1189 1854 prologus
1244 1774 1505 1836 tantum
1562 1767 1966 1873 expositioni
2025 1767 2412 1841 inserviret.
2490 1763 2641 1852 Qua
2698 1786 2847 1835 cum

511 1892 587 1941 re
643 1873 849 1942 etiam
907 1871 979 1941 id
1034 1873 1376 1961 cohaeret,
1436 1874 1611 1964 quod
1668 1856 2077 1945 momentum
2118 1873 2403 1944 actionis
2449 1872 2842 1949 nectendae‚

510 1999 636 2066 quo
691 1978 983 2069 initium,
1040 1988 1113 2048 ut
1170 2000 1211 2050 a
1265 1982 1463 2051 nobis
1544 1982 1982 2071 explanatum
2057 1991 2179 2066 est,
2258 1980 2543 2051 actionis
2634 1979 2846 2068 ipsius

508 2084 780 2157 fabulae
837 2085 1237 2175 destinatur,
1288 2109 1556 2208 semper
1595 2098 1746 2177 post
1783 2087 2347 2158 introductionem
2378 2087 2567 2156 chori
2590 2086 2846 2175 reperi·

507 2181 773 2280 tur¹⁷¹).
810 2192 1032 2282 Atque
1060 2195 1471 2281 quoniamin
1487 2195 1726 2285 Hipp,
1748 2196 1993 2278 Andr„
2025 2195 2232 2266 Herc.
2244 2193 2546 2285 ‚.,Suppl
2568 2191 2844 2281 Troad„

506 2299 728 2389 Iphig.
814 2300 1046 2389 Taur.,
1123 2300 1260 2390 El„
1320 2300 1442 2374 Or.
1504 2302 1593 2372 ad
1650 2303 1928 2373 chorum
1985 2301 2543 2373 introducendum
2581 2263 2845 2371 tantum

508 2427 641 2476 una
715 2407 1041 2498 parodus
1084 2408 1350 2499 sufficit,
1426 2408 1496 2479 id
1573 2418 1983 2480 momentum
2068 2410 2295 2480 statim
2373 2409 2567 2479 initio
2641 2408 2846 2496 primi

506 2514 789 2602 episodii
850 2509 978 2602 [sic
1036 2514 1241 2605 Hipp,
1311 2510 1750 2600 170—524,
1810 2516 2029 2586 Andr
2117 2511 2554 2602 147-273,
2634 2513 2841 2585 Herc.

517 2616 951 2711 138-437‚
1010 2621 1243 2713 Suppl
1291 2618 1679 2713 87-364‚
1724 2623 1836 2695 Tr.
1886 2617 2592 2714 230--307‚1phig.
2638 2621 2841 2692 Taur.

512 2721 764 2794 236-
775 2723 951 2817 391,
1010 2730 1121 2801 El.
1185 2725 1441 2825 215—-
1453 2725 1626 2822 431,
1687 2729 1806 2802 Or.
1873 2718 2462 2819 208-315172)]
2532 2728 2840 2818 efficitur,

506 2834 683 2924 quod
739 2836 939 2906 simul
996 2837 1261 2908 initium
1319 2839 1522 2909 totius
1581 2839 1870 2909 actionis
1926 2847 2047 2908 est
2111 2836 2364 2908 Contra
2421 2837 2491 2906 in
2538 2835 2842 2924 Hecuba,

506 2943 689 3033 Ione,
750 2944 1033 3033 Phoen„
1096 2944 1377 3026 Bacch„
1437 2947 1705 3016 etiamsi
1765 2945 1853 3015 ad
1928 2946 2207 3019 chorum
2284 2942 2847 3014 introducendum

505 3058 765 3121 tantum
802 3072 957 3121 -una
1014 3052 1310 3141 parodus
1368 3053 1750 3141 adhibetur,
1811 3061 2038 3144 tamen
2122 3052 2191 3122 id
2251 3061 2658 3123 momentum
2711 3071 2847 3121 non

506 3159 731 3248 prima
769 3178 1018 3231 scaena
1056 3159 1344 3249 episodii
1381 3161 1613 3249 primi,
1656 3159 1776 3230 sed
1815 3161 2034 3229 altera
2073 3157 2202 3243 (sic
2241 3160 2366 3229 Ion
2401 3152 2844 3245 401-451,

508 3264 674 3337 Hec.
738 3259 1180 3355 216-443,
1234 3266 1494 3339 Bacch.
1562 3261 2010 3337 215-369)
2052 3267 2160 3337 vel
2192 3267 2398 3336 tertia
2429 3256 2558 3357 (sic
2586 3264 2843 3336 Phoen.
2947 3270 2955 3277 ‘

512 3367 961 3459 446—637)
1020 3373 1398 3444 adducitur.
1463 3373 1598 3445 Sed
1674 3396 1826 3444 cum
1918 3374 1990 3443 id
2072 3381 2479 3443 momentum
2556 3374 2694 3442 iam
2777 3373 2849 3441 in

509 3480 735 3568 prima
789 3500 1039 3552 scaena
1095 3481 1381 3570 episodii
1435 3483 1643 3571 primi
1699 3482 1944 3552 harum
2001 3479 2510 3572 tragoediarum
2556 3499 2845 3568 praepa·

510 3595 718 3661 retur,
774 3608 901 3677 pro
957 3588 1151 3658 initio
1209 3589 1497 3660 actionis
1552 3590 1756 3660 totius
1811 3589 1884 3658 in
1938 3589 2047 3669 his
2140 3586 2514 3676 tragoediis
2580 3585 2852 3663 initium

508 3694 723 3782 ipsius
781 3696 1040 3783 primae
1098 3715 1388 3767 scaenae
1443 3696 1729 3781 episodii
1790 3697 1993 3785 primi
2054 3691 2179 3780 (ita
2217 3696 2291 3765 in
2329 3695 2491 3765 Ione
2540 3716 2604 3762 v.
2668 3686 2846 3781 273,

509 3800 676 3871 Hec.
746 3796 912 3882 177,
1002 3801 1256 3873 Phoen.
1353 3798 1525 3883 261,
1613 3802 1871 3873 Bacch.
1984 3796 2157 3890 170)
2244 3800 2633 3872 habendum
2716 3808 2839 3870 est.

730 4004 840 4089 1⁷¹)
891 4010 988 4075 De
1033 4016 1262 4075 natura
1347 4011 1746 4092 prologorum
1838 4009 2321 4087 Euripideorum
2416 4009 2850 4074 disseruerunt

515 4099 746 4174 Arnim,
795 4100 835 4163 l.
885 4098 927 4163 1.
975 4118 1042 4180 p.
1097 4098 1201 4173 84,
1253 4100 1378 4164 Leo
1424 4100 1544 4163 l.l.
1596 4096 2337 4180 p.172-173,W11am.
2363 4097 2553 4163 Herc.
2574 4098 2637 4162 II
2660 4116 2726 4177 p.
2763 4094 2850 4157 9².

726 4185 833 4266 172)
880 4188 1103 4253 Status
1149 4208 1359 4253 rerum
1406 4190 1744 4270 primarius
1789 4188 1974 4254 huius
2022 4188 2389 4271 tragoediae
2435 4187 2552 4251 hoe
2597 4187 2732 4250 loco
2780 4204 2852 4248 eo

509 4284 955 4353 commutatur,
1004 4279 1170 4359 quod
1219 4279 1479 4343 Orestes
1526 4276 1730 4344 adhue
1776 4279 2092 4343 dormiens
2139 4277 2619 4359 expergiscitur.
2667 4274 2853 4340 Simi-

484 4367 654 4431 „liter
697 4386 800 4433 res
846 4386 914 4432 se
960 4367 1153 4432 habet
1202 4369 1264 4431 in
1311 4368 1632 4449 Sophoclis
1679 4369 1886 4447 Aiace.
1943 4368 2148 4445 Aliter
2241 4368 2319 4431 de
2409 4366 2528 4433 hac
2577 4384 2647 4430 re
2692 4364 2850 4444 iudi·

508 4457 674 4531 cavit
719 4457 797 4522 de
847 4457 1061 4521 Arnim
1110 4476 1166 4539 p.
1221 4455 1332 4519 99,
