3417 5384
658 414 812 518 104

648 665 915 736 Deinde
970 666 1041 735 in
1098 664 1370 750 Medea,
1427 665 1737 754 Heracl‚,
1799 665 1951 736 Hel.
2012 666 2332 754 quoniam
2410 663 2493 734 ad
2552 664 2848 735 chorum'
2890 662 2994 731 in·
3112 738 3124 748 ,

650 772 1142 844 trodueendum
1197 782 1471 861 praeter
1526 773 1860 861 paredum
1922 773 2129 844 etiam
2185 773 2410 862 prima
2466 790 2716 842 scaena
2771 770 2994 859 episo-

588 924 591 931 ν
653 879 750 949 dii
807 880 1012 970 primi
1087 880 1457 970 composita
1531 889 1633 951 est
1712 874 1829 968 [cf.
1909 879 2099 951 Med.
2182 872 2626 960 214-268,
2710 876 2992 977 Heracl.

661 973 1237 1077 ΙΙΙ-119173),
1297 986 1453 1058 Hel.
1518 982 1995 1075 252-385L
2053 986 2149 1076 fit,
2209 995 2283 1056 ut
2336 994 2745 1056 momentum
2786 984 2995 1054 aetio·

651 1095 760 1165 nis
815 1093 1190 1165 nectendae
1247 1095 1318 1164 in
1375 1094 1596 1175 altera
1651 1115 1906 1165 scaena
1957 1094 2247 1183 episodii
2304 1093 2509 1182 primi
2560 1087 2689 1178 (sic
2743 1089 2998 1161 Medea

655 1196 803 1283 269
864 1222 1033 1290 seq.‚
1100 1200 1296 1273 Here.
1397 1195 1549 1295 120.
1614 1222 1786 1290 seq.‚
1868 1200 2022 1272 Hel.
2103 1195 2253 1266 386
2331 1196 2505 1288 seq.)
2583 1198 2991 1288 reperiatur,

608 1384 611 1385 ⁷
654 1309 842 1379 cuius
886 1308 1165 1378 *initium
1224 1328 1348 1397 pro
1403 1308 1600 1379 initio
1638 1309 1860 1385 totius
1915 1309 2205 1389 actionis
2275 1308 2530 1378 harum
2603 1304 2996 1395 tragoedia-

654 1437 804 1485 rum
860 1414 1249 1486 habendum
1307 1434 1455 1485 esse
1514 1436 1635 1504 per
1691 1437 1765 1487 se
1820 1416 2262 1505 intellegitur.
2321 1414 2631 1502 Denique
2720 1413 2793 1482 in
2874 1412 2997 1481 Al-

654 1522 909 1594 cestide
965 1535 1378 1594 momentum
1437 1523 1729 1594 actionis
1784 1523 2158 1594 nectendae
2212 1523 2287 1593 in
2381 1522 2600 1601 altero
2694 1519 2999 1609 episodio

564 1684 569 1695 ,
653 1651 719 1700 v.
785 1623 1202 1698 213—434
1263 1629 1645 1718 ponendum
1702 1638 1828 1712 est,
1889 1631 2077 1700 cuius
2134 1630 2400 1698 initium
2458 1651 2521 1698 v.
2585 1622 2736 1692 ‘213
2796 1626 2999 1699 simul

652 1737 923 1807 initium
980 1737 1270 1808 actionis
1325 1738 1533 1807 totius
1589 1736 1866 1808 fabulae
1923 1746 2047 1826 est,
2107 1737 2269 1824 quia
2326 1736 2414 1806 ad
2472 1736 2754 1806 chorum
2783 1735 2999 1804 intro·

653 1843 1035 1915 ducendum
1090 1852 1365 1933 praeter
1421 1843 1753 1934 parodum
1810 1867 1875 1914 v.
1943 1838 2302 1908 71—-135
2365 1844 2573 1914 ctiam
2613 1850 2826 1914 totum
2855 1841 2999 1931 pri-

526 2034 530 2039 ὁ
661 1971 843 2021 mum
901 1949 1278 2041 episodium
1335 1974 1402 2021 v.
1470 1945 1886 2043 136—219
1947 1934 2352 2021 adhibitum.
2411 1937 2673 2037 est¹74).
2761 1949 3004 2036 Itaque

660 2068 949 2148 excepta
1005 2056 1356 2129 Alcestide
1412 2057 1783 2149 Euripides
1839 2070 2248 2130 momentum
2291 2058 2580 2128 actionis
2626 2055 3005 2159 nectendae

664 2173 729 2235 et
762 2165 1055 2243 ,initium
1109 2165 1314 2236 totius
1372 2166 1660 2237 actionis
1718 2186 1986 2255 semper
2039 2167 2112 2235 in
2167 2164 2471 2254 episodio
2510 2164 2791 2254 *primm
2852 2170 3005 2252 post

662 2271 1229 2342 intre-ductionem
1289 2271 1500 2361 chori,
1560 2293 1812 2363 ponere
1869 2273 2109 2343 solitus
2165 2260 2427 2357 est¹75).

873 2378 985 2449 Ex
1042 2379 1311 2469 itinere,
1372 2379 1549 2467 quod
1602 2400 1728 2469 per
1783 2381 2270 2469 expositionem
2328 2387 2394 2449 et
2449 2387 2863 2449 momentum
2892 2396 3004 2447 ac-

662 2486 879 2556 tionis*
922 2484 1299 2556 nectendae
1356 2486 1825 2557 collocandum
1884 2485 2314 2578 confecimus,
2404 2485 2476 2555 id
2569 2481 2843 2555 domum
2899 2505 3004 2553 re·

660 2601 1032 2685 portamus,
1091 2601 1164 2662 ut
1219 2592 1781 2682 intellexerimuS‚
1850 2592 2138 2664 decursu
2228 2593 2555 2682 temporis
2644 2592 3009 2682 prologum

658 2701 881 2789 magis
939 2721 1265 2789 magsque
1320 2700 1391 2768 in
1448 2701 1937 2790 expositionem
2035 2709 2514 2771 commutatum
2597 2720 2766 2770 esse.
2861 2694 3012 2784 Quo

660 2807 862 2877 simul
917 2806 1171 2878 factum
1228 2816 1352 2884 est,
1414 2815 1485 2876 ut
1538 2816 1949 2877 momentum
2006 2807 2295 2878 actionis
2352 2806 2747 2881 metendae,
2793 2826 2837 2875 a
2875 2824 3011 2893 quo

661 2914 930 2984 initium
987 2914 1193 2984 totius
1249 2914 1564 3002 actionis,
1624 2923 1695 2981 ut
1751 2914 2189 3003 explanatum
2246 2921 2369 3002 est,
2430 2912 2702 3003 pendet,
2782 2911 3011 3000 magis

662 3027 1019 3110 magisque
1075 3020 1148 3088 in
1201 3018 1497 3109 primum
1550 3020 1926 3109 episodium
2036 3019 2553 3091 transferretur.
2621 3020 2760 3089 ,Ita
2858 3039 3014 3089 cum

663 3149 895 3199 omnes
953 3125 1351 3215 tragoediae
1408 3121 1837 3217 Aeschyleae
1949 3127 2248 3217 exceptis
2344 3125 2770 3216 Choephoris
2854 3125 3016 3215 pari

663 3233 864 3315 modo
923 3255 1004 3305 ac
1059 3233 1458 3322 tragoediae
1515 3232 1935 3322 Sophocleae
1990 3235 2383 3305 vetustioris
2435 3232 2682 3303 aetatis
2723 3242 3017 3322 excepto

671 3340 881 3412 Aiace
938 3350 1006 3412 et
1060 3340 1549 3430 expositionem
1605 3350 1672 3411 et
1729 3341 1998 3411 initium
2054 3342 2258 3412 totius
2316 3341 2607 3425 actionis
2692 3341 2768 3409 in
2852 3361 3016 3429 pro-

881 3528 991 3609 178)
1041 3529 1222 3607 Quod
1268 3530 1383 3594 hoc
1429 3530 1560 3594 loco
1611 3530 1815 3609 prima
1864 3548 2090 3594 scaena
2138 3527 2425 3610 episodii,
2476 3549 2603 3610 qua
2651 3530 2881 3594 chorus
2902 3546 3023 3609 per

666 3638 997 3701 personam
1044 3620 1108 3682 in
1156 3619 1467 3682 actionem
1514 3619 1953 3693 introducitur,
1984 3616 2394 3687 tantumexss
2423 3616 2710 3683 versibus
2729 3622 3022 3684 constat,

660 3708 835 3773 idei
880 3708 972 3771 rei
1018 3707 1294 3773 fortasse
1339 3707 1625 3784 debetur,
1674 3708 1840 3787 quod
1931 3713 2077 3788 post
2123 3727 2176 3769 v.
2230 3705 2356 3767 110
2439 3708 2730 3772 lacunam
2797 3709 2929 3771 iam
2981 3726 3016 3770 a

665 3795 1033 3862 Kirchoffiio
1079 3796 1422 3861 indicatam
1467 3795 1799 3860 habemus-

881 3881 989 3964 ¹7⁴)
1037 3886 1215 3966 Epis.
1264 3886 1295 3949 Ι
1343 3886 1474 3949 Alc.
1527 3880 1938 3964 (136—212)
1984 3903 2187 3965 neque
2268 3886 2516 3950 initium
2602 3885 2874 3950 actionis
2921 3884 3023 3950 fa·

666 3974 849 4038 bulae
895 3993 1100 4055 neque
1146 3980 1531 4039 momentum
1579 3973 1846 4037 aetionis
1910 3974 2259 4037 nectendae
2352 3976 2674 4039 continere
2771 3979 3023 4055 potest,

663 4063 810 4144 quia
857 4064 923 4126 in
969 4081 1043 4126 eo
1091 4068 1339 4128 tantum
1387 4063 1453 4127 id
1500 4062 1873 4142 explanatur
1922 4062 2019 4125 vel
2068 4062 2312 4139 dicitur,
2365 4064 2530 4144 quod
2578 4064 2707 4126 iam
2793 4083 2872 4128 ex
2921 4081 3023 4128 so-

662 4152 916 4232 liloquio
973 4151 1282 4232 Apollinis
1329 4152 1576 4226 scimuS,
1626 4168 1855 4231 nempe
1900 4151 2282 4215 Alcestidem
2364 4153 2806 4217 moribundam
2854 4170 3024 4217 esse.

665 4239 756 4305 Cf.
806 4260 863 4305 v.
917 4238 1028 4301 19:
1077 4244 1121 4296 ἢ
1165 4243 1273 4297 νῦν
1318 4240 1464 4298 ’κάτ’
1511 4243 1733 4304 οἴκους
1782 4244 1846 4297 ἐν
1876 4243 2080 4313 χεροῖν
2103 4242 2477 4313 βαστάξετκι
2506 4245 3025 4316 ψυχορραγοῦσα,

881 4326 990 4407 ¹⁷⁶)
1039 4329 1135 4392 De
1181 4327 1361 4393 initio
1409 4328 1674 4393 actionis
1721 4328 1785 4390 in
1831 4333 1995 4408 trag.
2044 4328 2194 4391 Eur.
2282 4330 2623 4394 statuendo
2728 4331 3028 4417 disputat

663 4416 883 4483 Arnim
930 4435 990 4500 p.
1042 4417 1147 4494 85,
1199 4413 1303 4482 99.
1350 4415 1440 4479 Cf.
1492 4417 1633 4483 adn.
1686 4414 1814 4477 162
1861 4417 1941 4480 ad
1987 4414 2050 4481 h.
2112 4417 2261 4480 diss,
