3417 5384
2659 441 2753 512 41

407 655 849 728 efficiendum
904 660 1298 730 necessaria
1352 668 1522 747 erat,
1582 660 1720 729 iam
1778 661 1921 731 eius
1977 668 2208 749 partes
2256 660 2343 731 ab
2392 661 2608 730 altero
2645 661 2758 730 vel

410 765 610 835 tertio
666 765 1021 855 histrione,
1053 765 1170 852 qui
1227 766 1299 835 in
1355 767 1637 856 prologo
1691 787 1831 836 non
1895 776 2153 856 egerat,
2214 767 2468 856 suscipi
2523 776 2755 857 potue·

406 860 690 956 runt93).
756 869 878 941 Sin
935 881 1159 942 autem
1217 894 1447 945 omnes
1503 881 1641 944 tres
1697 874 2064 945 histriones
2102 874 2175 943 in
2223 873 2506 962 prologo
2551 892 2758 963 agere

409 977 774 1066 debebant,
832 999 945 1049 res
1001 980 1100 1051 ita
1155 979 1307 1051 fieri
1369 981 1607 1069 potuit,
1646 989 1721 1050 ut
1779 981 2186 1069 colloquium
2240 981 2594 1051 histrionis
2652 1002 2755 1051 se—

405 1084 610 1154 cundi
671 1106 821 1156 cum
876 1087 1079 1157 tertio
1152 1087 1264 1157 vel
1339 1087 1772 1175 soliloquium
1878 1088 2205 1158 utriusvis
2287 1096 2438 1177 post
2497 1087 2757 1158 abitum

406 1191 769 1262 histrionis
825 1194 1030 1282 primi
1061 1194 1439 1264 institutum
1478 1215 1765 1282 pausam
1803 1194 2188 1283 praeberet,
2245 1215 2451 1282 quam
2505 1194 2755 1265 histrio

402 1320 444 1368 e
501 1319 749 1370 scaena
807 1300 1180 1372 abscedens
1237 1301 1325 1370 ad
1381 1301 1787 1372 vestimenta
1835 1300 2161 1373 mutanda
2270 1291 2751 1381 adhiberet94).

407 1405 778 1477 Praeterea
798 1407 893 1482 ,si
950 1428 1120 1478 unus
1175 1408 1284 1477 vel
1343 1407 1475 1478 duo
1530 1408 1899 1479 histriones
1954 1417 2235 1498 propter
2290 1409 2587 1495 speciem
2650 1407 2753 1478 rei

402 1511 628 1583 factae
683 1513 1093 1584 servandam
1151 1523 1346 1584 extra
1402 1535 1721 1585 scaenam
1780 1516 2007 1602 aliquo
2064 1536 2137 1585 se
2196 1515 2503 1587 conferre
2550 1513 2773 1588 debe-.

403 1619 595 1708 bant,
655 1621 886 1690 statim
940 1620 1206 1699 histrio,
1269 1622 1385 1710 qui
1445 1620 1668 1692 adhuc
1726 1622 1996 1691 actione
2051 1621 2367 1710 vacabat,
2429 1638 2754 1692 scaenam

406 1726 734 1797 introiens
791 1725 1055 1815 agendo
1112 1749 1262 1798 eam
1319 1750 1603 1817 pausam
1652 1728 1929 1818 explere
1964 1728 2203 1818 potuit,
2246 1749 2419 1817 quae
2459 1729 2546 1798 ad
2603 1749 2752 1816 spe-

403 1834 576 1903 ciem
651 1835 755 1903 rei
811 1832 1035 1904 factae
1109 1835 1524 1906 servandam
1599 1836 1993 1906 necessaria
2074 1844 2245 1922 erat,
2332 1834 2545 1905 donec
2636 1835 2754 1905 ille

404 1937 648 2009 histrio
704 1941 850 2029 ipse
925 1950 1384 2011 reverteretur
1458 1941 1568 2011 vel
1628 1942 1802 2012 alius
1861 1942 1947 2012 ab
2005 1962 2083 2012 eo
2140 1942 2212 2011 in
2269 1961 2590 2012 scaenam
2648 1943 2749 2010 in·

403 2055 790 2117 trovocatus
812 2100 829 2109 2
870 2038 1300 2135 prodiret95).
1362 2047 1530 2118 Inde
1612 2048 1717 2137 fit,
1805 2057 1877 2118 ut
1960 2049 2032 2117 in
2123 2048 2519 2137 tragoediis.
2582 2069 2750 2136 quas

404 2173 610 2224 manu
662 2162 990 2243 tenemus,
1050 2154 1390 2225 interdum
1428 2154 1591 2225 finis
1658 2156 2094 2244 prologorum
2150 2176 2287 2225 non
2343 2156 2562 2225 solum
2617 2176 2753 2225 non

402 2279 526 2348 per
581 2278 900 2330 scaenam
957 2260 1045 2331 ab
1102 2262 1520 2332 hisrionibus
1590 2261 1899 2331 omnibus
1964 2261 2435 2332 vacuefactam
2492 2261 2784 2332 indice-⁷

403 2375 538 2452 tur,
598 2366 719 2436 sed
773 2387 860 2463 ne
906 2388 1032 2456 per
1104 2370 1302 2439 unius
1377 2368 1651 2457 quidem
1725 2369 2082 2439 histrionis
2158 2368 2414 2438 abitum
2474 2367 2745 2438 denote·

404 2461 640 2558 tur96).
703 2470 891 2559 Quae
946 2476 1124 2545 ratio
1180 2474 1559 2546 intercedat
1613 2476 1795 2546 inter
1849 2475 2191 2565 prologOS‚
2228 2496 2537 2565 quorum
2576 2474 2753 2545 fines

605 2679 699 2758 ⁴⁹²³)
750 2681 852 2745 Ita
899 2682 963 2745 in
1010 2682 1194 2747 Herc.
1247 2683 1400 2746 Eur.
1452 2682 1814 2760 histriones,
1863 2683 1969 2764 qui
2019 2682 2342 2763 prologum
2373 2680 2747 2761 effecerunt,

404 2766 778 2850 Amphitryo
828 2776 894 2834 et
939 2770 1222 2853 Megara,
1274 2790 1568 2837 scaenam
1616 2771 1803 2835 choro
1851 2771 2214 2837 introeunte
2261 2770 2339 2835 ob
2372 2770 2754 2835 vestimenta

402 2858 707 2922 mutanda
755 2859 1111 2940 relinquere
1160 2880 1283 2926 non
1333 2861 1649 2926 debebant
1719 2860 1865 2940 quia
1913 2859 1995 2925 ad
2064 2860 2414 2941 episodium
2480 2859 2754 2940 primum

404 2943 810 3011 efficiendum
860 2950 1090 3014 tertius
1137 2956 1319 3015 actor
1366 2955 1622 3030 praesto
1671 2955 1831 3024 erat,
1923 2949 2030 3030 qui
2124 2955 2340 3030 partes
2404 2949 2554 3030 Lyci
2602 2955 2749 3029 post

403 3035 710 3114 paredum
758 3038 1126 3119 susciperet.

622 3141 700 3222 94)
749 3143 850 3209 Sic
896 3146 962 3209 in
1010 3145 1208 3226 Hipp.
1258 3146 1414 3209 Eur.
1467 3145 1744 3225 parodus
1790 3164 1915 3209 non
1961 3145 2311 3209 necesitate
2358 3145 2631 3224 quadam
2670 3145 2751 3208 ad

401 3232 780 3297 vestimenta
828 3234 1130 3299 mutanda
1180 3235 1260 3299 ab
1307 3253 1381 3298 eo
1427 3235 1764 3309 histrione.
1814 3233 1922 3313 qni
1960 3234 2146 3298 simul
2220 3239 2437 3313 partes
2486 3234 2750 3298 Veneris

399 3326 470 3385 et
518 3321 843 3388 Phaedrae
890 3326 1079 3404 agere
1127 3324 1402 3389 debebat
1470 3323 1826 3388 adhibenda
1918 3329 2079 3397 erat,
2174 3322 2468 3403 quoniam
2556 3324 2637 3387 ad
2685 3323 2780 3407 id,

399 3408 805 3475 efficiendum
852 3411 1050 3477 etiam
1096 3413 1359 3477 ultimae
1404 3430 1672 3478 scaenae
1764 3411 2022 3493 prologi.
2077 3411 2183 3474 ubi
2230 3418 2376 3491 post
2422 3412 2557 3476 eius
2614 3413 2748 3476 abi-

396 3504 537 3562 tum
585 3498 987 3583 Hippolytus,
1038 3502 1299 3566 comites
1345 3500 1746 3582 famulusque
1793 3502 1928 3566 eius
1974 3505 2200 3582 agunt,
2258 3518 2521 3580 pausam
2567 3519 2745 3581 prae0

396 3588 548 3651 bere
601 3596 885 3668 possunt.

619 3691 696 3769 ⁹⁶)
748 3696 846 3761 Ita
896 3702 1169 3777 tempus,
1216 3697 1384 3777 quod
1432 3702 1578 3777 post
1621 3714 1681 3760 v.
1732 3693 1819 3757 82
1853 3695 2149 3760 Electrae
2194 3695 2413 3777 Eurip.
2465 3702 2723 3776 praeter

397 3783 781 3849 mittendum
827 3790 954 3850 est·
1004 3786 1202 3851 donec
1248 3785 1537 3850 Electra.
1566 3803 1797 3866 aquam
1871 3803 1907 3848 e
1953 3783 2134 3849 fonte
2206 3789 2456 3865 petens,
2538 3785 2748 3866 specie
2785 3821 2789 3825 -

397 3873 490 3935 rei
536 3872 746 3938 factae
793 3880 1046 3939 servata
1090 3894 1152 3939 v.
1206 3873 1332 3935 110
1378 3879 1764 3950 revertatur,
1812 3873 2102 3955 expletur
2143 3892 2270 3938 non
2298 3874 2543 3938 cantico
2569 3874 2747 3938 ohori

398 3961 797 4033 introeuntis,
849 3963 961 4027 sed
1008 3981 1298 4028 sermone
1348 3963 1595 4028 Orestis
1622 3963 1863 4027 statim
1957 3967 2103 4042 post
2175 3963 2311 4028 eius
2383 3963 2629 4028 abitum
2682 3964 2749 4027 in

399 4068 691 4116 scaenam
756 4053 1156 4118 introeuntis.
2696 4104 2700 4109 .
2787 4060 2794 4071 ‘⁷

613 4140 695 4215 ⁹⁶)
742 4141 1047 4223 Prologus
1092 4140 1319 4207 finitus
1363 4160 1481 4222 per
1522 4141 1767 4206 abitum
1795 4140 2124 4205 cuiusdam
2167 4140 2496 4207 histrionis
2579 4141 2745 4204 scili·
2787 4172 2790 4177 ·

398 4237 504 4294 cet
546 4230 807 4295 ultimae
855 4248 1146 4309 scaenae,
1240 4232 1292 4296 si
1385 4231 1682 4311 prologus
1775 4229 1920 4310 plus
1962 4248 2152 4310 quam
2217 4249 2408 4295 unam
2453 4247 2747 4294 scaenam
2785 4272 2792 4290 2

398 4319 610 4398 habet,
658 4335 783 4383 non
831 4320 1174 4386 denotatur
1219 4321 1282 4385 in
1328 4320 1429 4385 his
1473 4319 1842 4401 tragoediis:
1892 4319 2121 4396 Prom,
2170 4318 2355 4400 Soph.
2420 4318 2538 4391 Et,
2586 4318 2772 4384 Oed.v

394 4409 464 4473 in
515 4409 676 4483 Col„
724 4409 917 4486 Med,
967 4409 1148 4483 Hec.‚
1198 4410 1414 4484 Andr.,
1465 4408 1740 4485 Heracl.‚
1770 4408 2097 4484 Herculea
2146 4408 2299 4471 Eur.
2334 4407 2581 4489 Suppl.,
2617 4405 2744 4482 Tr,
2785 4460 2792 4468 .
