3417 5384
718 428 814 500 46

716 648 898 737 quod
938 649 1185 720 chorus
1223 668 1543 720 scaenam
1582 650 1917 721 introiens
1953 649 2187 720 statim
2226 650 2641 721 anxietatem
2671 649 3063 720 Promethei

719 754 963 826 sedare
1019 755 1332 826 debebat.
1391 755 1632 844 Itaque
1687 776 1791 846 eo,
1851 756 2030 845 quod
2085 756 2466 848 Aeschylus
2503 756 2580 824 in
2612 755 2747 831 hac
2789 764 3064 845 tragoe-

715 860 834 932 dia
889 861 978 932 ad
1033 863 1174 933 tale
1230 872 1702 952 argumentum
1759 882 2125 953 aggressus
2201 873 2323 953 est,
2403 871 2639 934 auctor
2693 871 2894 951 atque
2955 863 3061 932 iu-

717 977 961 1040 ventor
1013 969 1274 1040 formae
1330 970 1517 1040 illius
1575 971 2019 1041 commaticae
2081 969 2303 1041 factus
2358 979 2482 1059 est,
2534 967 2624 1039 ad
2660 991 2863 1058 quam
2901 989 3061 1040 con-

712 1075 1154 1147 siderandam
1209 1096 1391 1147 nunc
1444 1097 1568 1148 nos
1625 1075 2059 1147 conferimus-

929 1183 1035 1253 Ac
1090 1182 1481 1273 SophocleS,
1541 1204 1739 1271 quem
1806 1182 2096 1254 formam
2163 1184 2634 1255 commaticam
2688 1181 2934 1272 paredi
2985 1182 3062 1252 in

714 1288 1090 1377 tragoediis
1147 1291 1394 1363 aetatis
1448 1291 1702 1380 prioris
1757 1310 2037 1380 prorsus
2092 1291 2478 1380 neglexisse
2533 1290 2847 1377 vidimus,
2908 1308 3062 1361 eam

717 1396 919 1466 unice
975 1396 1046 1464 in
1100 1397 1477 1486 tragoediis
1513 1398 1915 1488 posterioris
1956 1398 2204 1468 aetatis
2237 1416 2572 1488 usurpare
2628 1383 3059 1479 videtur103).

715 1502 1141 1592 Tragoedias
1195 1505 1376 1575 enim
1443 1505 1531 1575 ab
1607 1525 1685 1576 eo
1739 1505 2041 1594 scriptae
2095 1503 2232 1586 Ε1.,
2288 1504 2497 1586 Phil,
2529 1504 2700 1577 Oed.
2759 1503 2830 1574 in
2886 1501 3061 1590 Col„

716 1628 891 1697 quae
945 1619 1084 1681 tres
1141 1610 1230 1681 ad
1285 1613 1734 1700 posteriorem
1791 1621 2084 1683 aetatem
2140 1620 2474 1701 spectant,
2517 1611 2849 1702 praebent
2884 1630 3058 1680 sem·

713 1736 838 1804 per
891 1717 1222 1805 paredum
1299 1719 1793 1808 commaticam,
1869 1738 2281 1807 quamquam
2344 1738 2482 1790 non
2537 1738 2804 1808 semper
2858 1736 3062 1805 argu-

714 1823 924 1893 menti
996 1825 1174 1895 ratio
1248 1844 1400 1896 eam
1471 1826 1861 1898 necessario
1934 1824 2357 1915 efflagitasse
2447 1825 2737 1896 videtur.
2841 1821 3064 1911 Quam

715 1928 1003 2000 formam
1074 1941 1148 2001 ut
1220 1932 1293 2001 in
1366 1931 1477 2003 El.
1563 1926 1977 2004 121-250
2053 1931 2381 2016 efficeret,
2436 1934 2657 2023 ipsam
2712 1932 3065 2003 Electram

713 2045 866 2126 post
920 2038 1308 2109 monodiam
1338 2062 1403 2109 v.
1449 2035 1580 2104 121
1631 2041 1707 2109 in
1737 2061 2056 2111 scaenam
2102 2061 2309 2130 porro
2354 2059 2760 2130 permanere
2787 2036 3060 2115 tolerat,

716 2163 848 2231 quo
905 2144 1150 2216 chorus
1206 2167 1529 2217 scaenam
1558 2147 1890 2218 introiens
1930 2147 2019 2218 ad
2055 2168 2205 2218 eam
2236 2147 2561 2218 accedere
2595 2155 2824 2236 posset
2857 2153 3066 2233 atque

719 2249 805 2319 ab
861 2271 944 2320 ea
996 2260 1250 2325 statum
1308 2274 1559 2343 rerum,
1610 2274 1810 2342 quem
1848 2254 2202 2343 tragoedia
2248 2255 2461 2343 ponit,
2494 2240 3061 2344 comperiret¹⁰⁴).

716 2356 830 2425 Ad
882 2376 1087 2444 quam
1144 2381 1286 2430 rem
1342 2359 1801 2432 excusandam
1882 2372 2082 2450 poeti
2161 2362 2478 2432 absentia
2555 2360 2871 2450 Aegisthi
2925 2357 3063 2427 fin·

715 2464 899 2534 xisse
954 2464 1245 2536 videtur.
1329 2466 1430 2539 Of.
1491 2490 1557 2538 v.
1621 2462 1776 2534 310
1834 2488 2001 2556 seq,
2067 2465 2212 2535 517
2275 2489 2414 2557 seq.
2474 2468 2640 2539 Pari
2696 2467 2894 2538 modo
2949 2484 3031 2535 ar

715 2568 1010 2643 tificiose
1066 2594 1286 2662 neque
1341 2576 1509 2646 satis
1548 2597 1631 2645 ex
1688 2577 1843 2665 ipsa
1916 2584 2165 2647 natura
2250 2576 2636 2665 argumenti
2711 2595 2784 2646 se
2855 2574 3066 2644 habet

716 2675 938 2747 forma
1023 2683 1425 2752 commatica
1498 2682 1741 2772 parodi
1818 2685 1889 2752 in
1964 2671 2344 2756 Philoctete
2430 2675 2868 2770 135--218‚
2944 2679 3065 2749 ubi

716 2785 1003 2872 prologo
1078 2785 1276 2858 finito
1350 2788 1685 2877 Ulixeque
1763 2790 2051 2860 abeunte
2123 2791 2607 2880 Neoptolemus
2684 2790 2757 2858 in
2812 2806 3066 2858 scaena

718 2912 785 2960 v,
861 2888 1006 2955 134
1082 2893 1527 2966 Philoctetem
1605 2906 2007 2986 exspectans
2079 2897 2389 2987 fingitur,
2467 2917 2599 2985 quo
2673 2891 2921 2967 chorus
2977 2893 3067 2963 ad

715 3018 871 3067 eum
929 3001 1235 3091 accedat,
1313 3003 1400 3072 ab
1477 3024 1686 3091 eoque
1762 3004 2007 3092 paredi
2086 3006 2483 3076 commatice
2538 3000 3068 3075 conformandae

722 3125 928 3176 causa
985 3116 1236 3178 statum
1291 3131 1521 3180 rerum
1577 3111 1913 3199 exquirat.
1975 3112 2055 3183 In
2111 3111 2280 3184 Oed.
2341 3113 2413 3180 in
2457 3110 2600 3183 Col.
2643 3128 2809 3181 sane
2845 3107 3068 3179 ferma

720 3215 1124 3285 commatica
1180 3217 1423 3305 parodi
1490 3211 1906 3286 107--253
1966 3219 2053 3288 ab
2109 3220 2259 3308 ipso
2340 3225 2738 3308 argumento
2794 3214 3066 3304 efflagi-

717 3326 865 3390 tata
920 3340 1068 3392 esse
1125 3322 1413 3405 videtur,
1474 3325 1637 3412 quia
1686 3323 1857 3395 Oed.
1936 3325 2118 3396 dicto
2175 3325 2519 3415 Apollinis
2574 3322 2936 3395 oboediens
2994 3322 3070 3391 in

942 3512 1047 3588 ¹⁰³)
1095 3514 1190 3576 De
1234 3514 1477 3595 origine
1523 3514 1879 3579 recentiore
1926 3515 2147 3595 parodi
2194 3514 2603 3579 commaticae
2658 3511 2895 3593 aliquid
2943 3510 3068 3573 Ar-

720 3603 851 3669 nim
899 3623 958 3684 p.
1012 3601 1097 3663 98
1144 3603 1523 3685 disputavit,
1573 3621 1840 3683 quocum
1885 3605 1951 3667 in
1999 3621 2073 3667 ea
2121 3622 2191 3667 re
2237 3623 2362 3669 non
2408 3602 2764 3667 consentire
2788 3615 3066 3680 possum,

723 3692 888 3772 quod
938 3710 973 3754 e
1021 3690 1277 3772 parodis
1325 3693 1715 3757 commaticis
1764 3711 1871 3757 eas
1919 3690 2189 3774 parodos
2237 3693 2499 3758 exlusit,
2544 3692 2610 3755 in
2649 3690 2873 3771 quibus
2921 3706 3066 3767 per-

720 3800 875 3845 sona
924 3781 1163 3861 paredo
1212 3781 1602 3863 participans
1652 3785 1911 3862 system.
1965 3788 2290 3862 anapaest.
2361 3781 2609 3858 recitat,
2660 3778 2842 3860 quasi
2890 3778 3068 3840 Aris·

720 3870 954 3934 toteles
1001 3888 1071 3933 re
1117 3889 1268 3933 vera
1316 3871 1620 3950 parodum
1665 3861 1864 3944 μόλῡς
1916 3876 2065 3928 ἄνευ
2114 3876 2299 3933 ovum.
2349 3875 2459 3927 mi
2506 3887 2678 3944 vgox.
2720 3885 2864 3932 esse
2893 3866 3068 3931 velit.

940 3959 1048 4032 104)
1096 3959 1199 4024 Ita
1246 3977 1348 4023 res
1397 3978 1465 4024 se
1511 3959 1706 4024 habet
1753 3961 1816 4023 in
1866 3961 2153 4025 omnibus
2201 3958 2456 4038 paredis
2486 3957 3069 4035 commaticisprae·

722 4053 826 4111 ter
919 4046 1241 4111 Hecubam
1288 4045 1617 4125 98—-176,
1668 4050 1777 4113 ubi
1821 4068 1925 4113 res
1972 4066 2048 4112 ex
2096 4049 2409 4112 contrario
2502 4066 2574 4111 se
2660 4047 2873 4117 hebet,
2922 4045 3073 4125 quia

722 4137 787 4199 in
832 4137 950 4200 hac
998 4138 1326 4218 tragoedia
1350 4143 1588 4202 statum
1610 4156 1840 4201 rerum.
1865 4137 2317 4219 quemffinitium
2331 4137 2699 4217 tragoediae
2721 4134 2918 4215 ponit,
2946 4152 3074 4199 non

723 4227 949 4290 chorus
997 4244 1033 4287 e
1080 4244 1350 4306 persona
1397 4227 1463 4289 in
1512 4244 1740 4291 scaena
1788 4234 2103 4301 versante,
2153 4232 2226 4290 ut
2271 4227 2337 4289 in
2368 4225 2602 4289 ceteris
2621 4224 2875 4305 parodis
2907 4240 3072 4287 com·

723 4316 991 4383 matieis
1045 4316 1155 4379 sed
1203 4312 1342 4396 ipsa
1393 4332 1661 4396 persona
1711 4335 1749 4379 a
1795 4316 1984 4380 choro
2033 4334 2115 4381 sc.
2168 4315 2520 4397 coryphaeo
2551 4330 2841 4378 scaen-am
2870 4313 3071 4376 intro·

720 4409 915 4468 eunte
956 4404 1251 4485 exquirit-
