3417 5384
2619 476 2709 544 77

368 689 695 761 Horatius
753 692 823 761 in
884 691 966 761 A.
1032 691 1109 761 Ρ.
1186 686 1594 758 193-195
1657 701 1894 783 contra
1951 678 2034 758 τὰ
2089 684 2462 785 ἐμβόλιμοι
2516 693 2711 763 dixit:

376 798 670 882 flat-toris
725 798 944 892 partis
1000 794 1430 888 officiumque
1488 799 1688 870 virile
1745 797 2131 888 defendant,
2192 821 2323 871 neu
2372 800 2537 888 quid
2574 822 2709 870 me-

366 903 515 974 dios
572 905 750 974 intel
754 906 939 975 emat
996 913 1206 995 actus,
1267 906 1444 994 quod
1491 926 1627 976 non
1666 908 2013 996 proposito
2071 907 2402 979 conducat
2440 918 2508 978 et
2546 907 2707 978 hae

362 1026 512 1082 reat
569 1009 795 1100 aptef‘
855 1012 1007 1082 Huc
1078 1012 1409 1083 accedunt
1454 1013 1843 1084 testimonia
1875 1012 2052 1083 Don.
2091 1015 2163 1083 in
2200 1014 2404 1104 praef
2461 1004 2704 1084 Andr:

374 1126 519 1203 „est
572 1118 785 1207 igitur
841 1128 1093 1190 attente
1163 1120 1844 1190 animadvertendum
1882 1121 1997 1191 ubi
2055 1130 2122 1191 et
2158 1120 2428 1210 quando
2459 1126 2709 1192 scaena

368 1244 603 1294 vtacua
643 1216 732 1297 sit
788 1226 899 1297 ab
933 1226 1243 1319 omnibus
1314 1227 1673 1318 personis,
1709 1228 1808 1298 ita
1880 1236 1953 1296 ut
2028 1228 2100 1297 in
2156 1248 2238 1299 ea
2296 1228 2543 1299 chorus
2600 1229 2709 1298 vel

362 1328 625 1402 tibicen
673 1331 983 1402 obaudiri
1044 1333 1327 1422 possint,
1388 1334 1567 1421 quod
1630 1344 1803 1404 rum
1880 1333 2272 1418 viderimus,
2331 1335 2428 1405 ibi
2485 1343 2708 1405 actum

360 1460 508 1509 esse
581 1438 853 1508 finitum
927 1438 1250 1510 debemus
1335 1438 1786 1530 agnoscere“,
1845 1451 1911 1510 et
1967 1441 2037 1509 in
2095 1440 2309 1529 praef.
2371 1440 2704 1530 Adelph.:

372 1544 586 1637 „haec
641 1546 845 1616 etiam
903 1555 975 1638 ut
1033 1556 1261 1617 cetera
1318 1547 1781 1621 huiuscemodi
1820 1557 2135 1637 poemata
2174 1548 2468 1636 quinque
2518 1555 2709 1621 actus

357 1599 609 1724 habeat
681 1673 959 1723 necesse
1035 1666 1137 1724 est
1210 1653 1439 1743 choris
1523 1654 1780 1726 divisos
1839 1675 1880 1724 a
1935 1652 2356 1726 Graecorum
2415 1652 2670 1744 poetis“
2689 1703 2703 1734 ‚

356 1758 600 1845 quibus
656 1760 1062 1830 testimoniis
1120 1770 1309 1831 actus
1370 1757 1490 1848 per
1548 1762 1825 1831 chorica
1882 1783 1923 1830 ι
1980 1761 2126 1833 solo
2184 1761 2389 1831 choro
2430 1769 2706 1832 cantata

355 1865 839 1937 deteiminatos
897 1888 1046 1937 esse
1105 1865 1510 1937 affirmatur
1548 1868 1775 1956 Atque
1813 1865 2099 1954 Seneca,
2139 1868 2254 1956 qui
2295 1868 2441 1938 sine
2498 1868 2702 1938 dubio

355 1971 732 2043 doctrinam
794 1981 1061 2043 actuum
1122 1982 1390 2063 secutus
1465 1987 1588 2053 est,
1670 1973 1760 2045 ad
1835 1974 2143 2062 singulas
2200 1983 2431 2072 partes
2489 1976 2695 2047 actio-

351 2079 461 2149 nis
515 2079 943 2150 histrionalis
1018 2079 1425 2152 dividendas
1507 2101 1775 2170 semper
1848 2082 2126 2152 chorica
2190 2104 2229 2150 a
2288 2082 2431 2152 solo
2488 2081 2695 2153 chor«,

353 2195 630 2256 cantata
683 2194 957 2276 praeter
1012 2186 1263 2257 Troad.
1327 2181 1691 2252 67--163
1752 2196 2055 2276 usurpat.
2101 2183 2293 2275 Quod
2332 2188 2460 2259 hoc
2517 2210 2693 2260 com-

351 2293 671 2365 maticum
728 2293 841 2362 Tr.
908 2288 1269 2359 67--163
1333 2295 1524 2365 chori
1581 2295 1986 2365 introeuntis
2034 2295 2202 2366 duos
2250 2308 2440 2366 aetus
2479 2296 2668 2365 seiun

349 2400 470 2487 git,
530 2398 602 2468 id
661 2420 809 2470 eum
866 2421 1185 2481 numerus
1242 2401 1540 2490 quinque
1598 2410 1891 2491 actuum,
1951 2422 2147 2493 quem
2207 2416 2406 2491 poeta
2443 2403 2513 2472 in
2552 2403 2693 2471 uni-

352 2527 619 2576 versum
678 2516 945 2577 secutus
1002 2516 1124 2596 est,
1186 2507 1541 2597 efflagitat.
1603 2518 1743 2578 tum
1804 2530 1863 2591 a,
1898 2517 2100 2596 poeta
2185 2509 2443 2597 pariter
2501 2517 2701 2596 atque

352 2622 494 2684 tota
553 2613 861 2691 choricaE
920 2603 1035 2702 (cf.
1095 2613 1262 2694 Oed.
1327 2613 1461 2686 Sen
1551 2609 1700 2693 403
1764 2636 1931 2703 seq,
1997 2614 2198 2686 Herc.
2262 2613 2410 2687 Oet.
2516 2612 2699 2689 583)

349 2720 822 2791 introducitur.
886 2719 988 2791 Cf.
1051 2720 1166 2790 Tr.
1232 2723 1389 2791 Seu.
1454 2716 1791 2791 64—66.
1911 2721 2063 2793 Huc
2175 2721 2460 2809 accedit,
2521 2721 2702 2809 quod

350 2826 478 2896 hoc
539 2827 1010 2897 commaticum
1070 2827 1260 2899 chori
1319 2829 1728 2900 introeuntis
1785 2830 1985 2918 longe
2043 2829 2246 2898 aliter
2340 2850 2411 2898 se
2492 2828 2701 2898 habet

350 2929 550 3022 atque
610 2933 905 3019 parodus
940 2924 1367 3005 'commatica
1423 2936 1824 3024 tragoediae
1862 2934 2211 3006 Graecae.
2289 2934 2487 3013 „Nam
2549 2956 2698 3028 cum

349 3040 646 3129 parodus
705 3042 1110 3112 commatica
1168 3042 1347 3130 apud
1406 3051 1641 3130 poetas
1697 3041 2001 3113 Graecos
2043 3062 2120 3112 eo
2157 3063 2361 3130 quam
2400 3043 2695 3112 maxime
2781 3136 2786 3140 .

348 3157 613 3233 partem
670 3148 1204 3236 antecedentem,
1265 3148 1394 3218 hoc
1449 3158 1552 3219 est
1590 3150 1969 3238 prologum,
1997 3170 2149 3218 cum
2172 3158 2367 3237 parte
2397 3158 2694 3237 seqente,

347 3254 608 3324 scilicet
662 3254 965 3342 episodio
1021 3256 1269 3344 primo,
1301 3256 1686 3343 coniungat,
1749 3254 1924 3343 quod
2010 3276 2321 3343 persona,
2401 3275 2696 3344 quacum

346 3361 591 3431 chorus
649 3362 959 3450 canebat,
1021 3370 1086 3430 et
1142 3362 1211 3431 in
1279 3361 1519 3432 ultima
1574 3382 1827 3432 scaena
1894 3362 2158 3450 prologi
2216 3372 2281 3431 et
2338 3363 2407 3431 in
2467 3364 2689 3450 prima

346 3477 542 3556 parte
594 3467 890 3556 ,episodii
945 3469 1289 3556 sequentis
1345 3489 1556 3557 agens
1623 3478 2042 3558 permaneat,
2126 3468 2307 3557 apud
2366 3467 2693 3538 Senecam

347 3575 592 3643 mirum
649 3575 716 3643 in
794 3574 1066 3645 modum
1144 3574 1450 3664 Hecuba,
1531 3595 1822 3663 quacum
1898 3575 2150 3645 choras
2221 3576 2690 3645 commaticum

292 3682 657 3768 canebat,
716 3682 840 3752 sub
895 3680 1035 3752 fine
1091 3683 1306 3770 ipsius
1382 3683 1761 3752 commatici
1822 3704 1886 3751 v.
1964 3677 2101 3746 163
2146 3704 2187 3752 a,
2262 3702 2511 3753 scaena
2550 3682 2695 3752 abs·

345 3789 565 3857 cessit.
626 3787 731 3857 Ita
786 3788 969 3875 fit,ut
1023 3788 1093 3858 id
1161 3789 1632 3860 commaticum
1704 3798 1971 3877 partem
2049 3789 2334 3859 actionis
2416 3788 2689 3859 histrio-

342 3895 520 3965 nalis
594 3905 746 3984 post
830 3916 980 3964 eam
1070 3895 1286 3980 posita
1370 3917 1502 3966 non
1590 3897 1980 3984 coniungat,
2068 3905 2140 3964 ut
2216 3917 2252 3965 e
2336 3894 2695 3983 tragoedia

345 4000 617 4071 Graeca
673 4001 1198 4090 exspectandum
1256 4011 1424 4072 erat.

343 4127 661 4134 ——-—-—.-.-——.

344 4173 540 4236 Andr.
594 4173 908 4254 prologus,
956 4173 1211 4238 etiamsi
1258 4193 1380 4237 non
1432 4172 1838 4254 „llandlung‘
1908 4174 2019 4237 sed
2069 4173 2532 4253 ‚,Exposition“
2581 4173 2656 4236 ha

341 4262 467 4334 bet,
523 4267 733 4326 tamen
786 4280 822 4325 e
869 4262 1155 4327 doctrina
1190 4268 1445 4327 artuum
1469 4281 1617 4339 pars
1640 4263 1838 4343 prima
1867 4262 2215 4339 ‚,actionis‘·
2250 4263 2384 4326 sive
2426 4263 2691 4337 „actus”

345 4351 582 4429 primus
632 4351 816 4415 huius
863 4352 1117 4416 fabulae
1165 4357 1265 4416 est
1335 4352 1553 4432 Neque
1601 4369 1782 4416 secus
1831 4370 1932 4416 res
1980 4370 2047 4416 se
2095 4352 2291 4415 habet
2355 4353 2418 4415 in
2472 4352 2691 4432 primis

343 4440 586 4503 actibus
634 4440 797 4504 Sene
838 4458 913 4502 ae
962 4441 1464 4522 tragoedi-nrum.
