3417 5384
1280 1357 1877 1493 CaputIL

471 1573 573 1653 llo
628 1571 1261 1672 progressionibus
1317 1571 1693 1668 scaoiiio!S‚
1752 1589 1943 1671 uuae
2000 1571 2075 1653 iu
2133 1571 2689 1671 tragoediarum

823 1714 1395 1799 couformatiouo
1452 1714 1791 1797 scaenica
1846 1714 2344 1798 observentur.

1474 1908 1687 1919 --..-.-.

622 2036 956 2128 Quoniam
1011 2062 1049 2112 e
1104 2041 1327 2135 capite
1383 2041 1821 2113 antecedente
1875 2052 2104 2133 partes
2161 2043 2533 2126 scaenicae,
2586 2062 2754 2133 quas

408 2148 820 2220 Aristoteles
897 2149 969 2219 in
1044 2147 1416 2238 tragoediis
1493 2148 1859 2238 constituit,
1918 2170 2053 2221 non
2132 2158 2270 2221 tam
2327 2149 2616 2223 arbitrio
2670 2172 2754 2222 ac

407 2364 746 2454 apparuit,
806 2362 896 2434 ad
969 2363 1480 2451 progressiones
1565 2360 2120 2435 conformationis
2195 2364 2553 2435 scaenicae
2608 2373 2752 2436 tra·

396 2469 808 2561 vgoediarum
846 2469 1343 2558 intellegendas
1408 2490 1493 2540 ac
1541 2469 2019 2558 percipiendas
2059 2470 2227 2542 satis
2264 2471 2417 2559 erit,
2461 2470 2542 2554 si,
2584 2491 2753 2559 quas

406 2577 799 2653 scaenicam
820 2576 1225 2647 mutationes
1256 2595 1378 2646 eae
1407 2584 1638 2664 partes
1669 2575 2180 2664 tragoediarum
2210 2576 2369 2646 inde
2400 2577 2488 2647 ab
2518 2598 2753 2648 earum
2881 2629 2886 2633 ·

400 2683 802 2774 ,primordiis
857 2703 1065 2770 usque
1103 2682 1190 2753 ad
1237 2681 1640 2771 Euripidem
1695 2702 2061 2771 perpessae
2115 2681 2272 2772 sint,
2317 2702 2749 2772 exponemus,

622 2888 704 2965 In
760 2916 894 2984 qua
949 2916 1024 2965 re
1062 2895 1460 2985 exponenda
1499 2894 1862 2991 incipimus
1891 2917 1934 2966 a
1962 2895 2245 2985 prologo
2283 2895 2745 2971 AristotelicO.

625 3001 1079 3091 Tragoediam
1155 3002 1684 3072 vetustissimam
1768 3003 2147 3092 prologum,
2208 3012 2281 3072 ut
2337 3003 2424 3074 ab
2480 3003 2751 3074 Aristo-

408 3109 543 3180 tele
599 3107 920 3180 definitus
978 3118 1099 3199 est,
1179 3111 1532 3197 ignorasse
1607 3118 1793 3180 certo
1851 3109 2082 3197 colligi
2137 3117 2379 3198 potest,
2439 3110 2617 3198 quod
2673 3132 2759 3180 ex

406 3215 783 3304 tragoediis
841 3214 1114 3286 traditis
1188 3216 1374 3306 illae,
1452 3237 1626 3305 quae
1705 3217 1958 3305 optimo
2035 3217 2181 3286 iure
2256 3217 2757 3289 vetustissimae

410 3331 754 3411 putantur,
818 3322 970 3393 dico
1026 3323 1277 3393 Persas
1334 3332 1400 3392 et
1456 3320 1687 3411 Suppl.
1750 3322 2031 3403 Aesch.‚
2089 3323 2373 3412 prologo
2430 3332 2502 3392 ut
2558 3332 2756 3413 parte

401 3429 807 3518 ’tragoediae
866 3430 1056 3500 chori
1112 3430 1419 3500 introitui
1477 3429 1859 3519 praemissa
1914 3437 2173 3519 carent,
2234 3429 2383 3516 etsi,
2446 3429 2624 3518 quod
2668 3430 2756 3500 ad

413 3545 887 3624 argumentum
942 3536 1328 3607 fabularum
1386 3537 1701 3626 pertinet,
1760 3545 2043 3626 perapte
2099 3557 2250 3606 eum
2305 3536 2561 3606 habere
2637 3558 2756 3630 po-

411 3628 807 3723 tuerunt77).
868 3642 949 3711 In
988 3664 1122 3731 qua
1160 3665 1235 3712 re
1273 3664 1415 3713 mos
1463 3652 1528 3713 et
1585 3641 1998 3713 consuetudo
2055 3642 2557 3715 vetustissimae
2612 3652 2753 3714 tra-

410 3749 699 3838 goediae
755 3760 912 3819 ante
989 3750 1401 3842 Aeschylum
1482 3749 1779 3841 vigentis
1855 3748 2252 3825 ostenditur,
2313 3772 2466 3820 cum
2538 3750 2754 3842 Phry·

411 3855 656 3926 nichus
740 3856 942 3946 longe
1027 3866 1184 3927 ante
1267 3857 1392 3927 has
1470 3857 1638 3927 duas
1711 3856 2134 3947 Aeschyleas
2191 3855 2483 3945 fabulaS,
2544 3864 2616 3925 ut
2672 3878 2756 3927 ex

415 3973 815 4050 argumento
888 3963 1080 4033 Pers.
1161 3972 1466 4053 apparet,
1555 3963 1842 4052 prologo
1913 3963 2052 4032 iam
2136 3983 2294 4033 usus
2350 3971 2471 4033 est.
2532 3962 2758 4052 Atque

635 4182 712 4266 ⁷⁷)
765 4188 867 4254 Sic
917 4189 980 4251 in
1024 4187 1242 4269 Suppl.
1294 4187 1521 4251 Aesch.
1568 4186 1846 4261 Domus,
1941 4205 2079 4250 cum
2128 4186 2300 4250 chori
2389 4187 2613 4250 ductor
2685 4205 2762 4252 ac

410 4284 626 4343 *rector
674 4277 787 4343 sit,
835 4278 960 4341 iam
1009 4277 1088 4339 ab
1134 4277 1272 4358 ipso
1320 4274 1627 4356 principio
1674 4274 1932 4339 fabulae
2008 4276 2074 4338 in
2122 4293 2349 4339 scaena
2412 4275 2758 4340 invenitur.

415 4371 586 4449 Ergo
632 4364 818 4429 facile
865 4366 1005 4429 fieri
1053 4367 1293 4446 potuit,
1340 4370 1413 4428 ut
1446 4364 1609 4428 ‘aune
1658 4364 1831 4427 chori
1924 4365 2121 4443 ipsius
2214 4363 2546 4439 canticum,
2633 4383 2762 4445 quo

404 4451 748 4539 tragoedia
795 4456 1122 4536 incipitur,
1172 4456 1430 4518 Danaus
1483 4454 1805 4533 prologum
1851 4454 2174 4519 recitaret..
2605 4475 2618 4485 ·
