3417 5384
1355 1364 1726 1502 Appendix

1469 1559 1589 1630 „d
1741 1586 1750 1593 ,

701 1800 738 1819 ,,
784 1764 790 1772 -
834 1696 1324 1814 conformationem
1379 1697 1689 1793 scaenicam
1746 1715 1808 1793 ac
1865 1699 2224 1794 dramaticam

634 1822 1392 1945 singutas-um
1477 1859 2417 1945 tragoedias-um

1260 2002 1799 2088 pertinens.

1416 2238 1628 2246 ———-

1152 2471 1566 2551 Notavum
1631 2472 1902 2552 index.

414 2681 476 2743 >i<
563 2688 932 2753 asteriscum
970 2686 1190 2752 addidi
1236 2688 1318 2752 ad
1366 2705 1659 2753 numeros
1706 2707 2000 2753 versuum
2030 2705 2249 2754 eorum
2286 2688 2696 2766 chorinerum,

562 2795 726 2858 quae
770 2796 895 2842 non
943 2782 1092 2842 sunt
1138 2778 1415 2857 strophis
1473 2778 1841 2859 composita.

341 2864 382 2995 (
562 2866 852 2931 cancellis
899 2866 1188 2932 rotundis
1235 2868 1445 2948 saepsi
1493 2868 1745 2932 nomina
1793 2886 2010 2932 earum
2060 2886 2490 2950 personarum,
2538 2884 2697 2948 quas

562 2955 751 3021 choro
798 2957 1106 3021 canticum
1156 2962 1423 3022 canente
1468 2964 1733 3040 propter
1779 2963 2018 3023 statum
2063 2976 2274 3023 rerum
2321 2958 2424 3022 in'
2470 2974 2697 3022 scaena

562 3064 814 3110 manere
860 3051 1173 3125 oporteat.

341 3136 374 3231 [
507 3135 849 3229 jeancellis
896 3135 1219 3216 angulatis
1267 3135 1489 3200 inclusi
1535 3138 1789 3217 nomina
1819 3154 2035 3200 earum
2057 3156 2491 3228 personarum,
2524 3154 2691 3218 quae

559 3225 745 3288 choro
792 3231 1081 3303 canente,
1134 3243 1513 3305 quamquam
1562 3226 1722 3290 sine*
1746 3225 2013 3290 actionis
2060 3218 2444 3292 detrimento
2515 3225 2693 3291 abire

444 3318 457 3324 ‘
558 3320 840 3396 possunt
890 3315 954 3378 in
1002 3332 1232 3380 scaena
1278 3319 1563 3397 manent,
1605 3316 1752 3395 quia
1846 3316 2064 3380 statim
2158 3322 2302 3396 post
2376 3316 2692 3380 canticum

558 3422 747 3485 agere
795 3405 1055 3469 debent.

340 3489 400 3557 d
449 3494 870 3559 :choricum
917 3499 1167 3558 tantum
1214 3494 1296 3557 ad
1344 3492 1502 3557 duas
1549 3499 1767 3573 partes
1813 3495 2082 3560 actionis
2124 3494 2514 3560 histrionalis
2547 3489 2691 3559 dis·

556 3583 901 3665 iungendas
986 3583 1280 3663 positum.

339 3685 380 3736 s
448 3698 532 3727 =
557 3673 871 3738 choricum
918 3678 1170 3738 tantum
1217 3671 1296 3749 ad
1345 3673 1619 3752 speciem
1665 3673 1760 3736 rei
1829 3672 2037 3737 factae
2112 3674 2496 3738 servandam
2542 3674 2581 3737 i.
2633 3692 2690 3738 e.

554 3763 634 3826 ad
680 3780 931 3827 cursum
978 3763 1285 3843 temporis
1332 3760 1759 3826 denotandum
1806 3762 2132 3827 insertum.

335 3864 396 3914 v
439 3877 529 3903 =
551 3852 863 3916 choricum
911 3858 1160 3917 tantum
1208 3857 1469 3933 propter
1548 3851 1947 3916 vestimenta
2017 3858 2303 3975 actorum
2387 3851 2692 3917 mutanda

526 3941 984 4023 compositum.

338 4042 525 4093 SV:
551 4029 866 4094 choricum
912 4037 979 4095 et
1024 4032 1117 4094 ad
1150 4048 1398 4095 cursum
1446 4030 1750 4110 temporis
1825 3992 2306 4095 denontandum
2368 4029 2416 4093 i.
2493 4048 2555 4093 e
2607 4030 2688 4094 ad

554 4121 833 4200 speciem
881 4121 974 4184 rei
1020 4119 1228 4184 factae
1275 4118 1649 4184 servandam
1694 4125 1763 4183 et
1809 4120 1888 4184 ad
1935 4120 2333 4184 vestimenta
2399 4123 2686 4182 actorum

551 4210 858 4274 mutanda
914 4209 1188 4288 positum

334 4294 364 4361 i
545 4299 809 4378 ascripsi
856 4300 999 4363 huic
1045 4297 1274 4378 versui,
1324 4300 1490 4362 unde
1514 4299 1678 4362 actio
1701 4303 1838 4363 tota
1864 4299 2331 4379 tragoediarum
2360 4293 2686 4377 incipitur.

332 4401 395 4451 n
539 4387 856 4470 significat
903 4407 1043 4454 eam
1093 4406 1408 4464 scaenam,
1459 4405 1583 4469 qua
1608 4393 1997 4457 momentum
2026 4388 2293 4453 actionis
2324 4388 2691 4452 nectendas

549 4475 847 4542 efficitur.
