3417 5384
2645 487 2737 557 73

395 699 547 769 250
606 726 648 774 a
705 704 1022 775 monodia
1078 705 1189 775 El.
1251 705 1693 777 antecedente
1752 728 1812 774 v.
1882 700 2246 776 86-120
2303 705 2559 795 pendet
2614 728 2733 776 ne·

383 833 520 900 que
577 810 662 880 ab
720 812 843 881 illa
899 835 963 881 v.
1030 807 1471 901 251—223,
1531 812 1774 900 quibus
1850 813 2120 882 initium
2193 813 2482 902 episodii
2534 814 2737 902 primi

379 917 712 998 efficitur,
794 910 1061 1007 'diiungi
1139 927 1421 1008 possunt
1487 918 1690 1014 Tum
1765 920 2066 1008 parodus
2144 941 2383 990 comm.
2446 914 2737 990 Medeae

394 1018 808 1089 131—212
869 1047 952 1095 ex
1030 1022 1581 1097 antecedentibus
1650 1049 1712 1096 v.
1783 1020 2148 1097 sio—130
2207 1026 2588 1116 explicatu-r
2646 1028 2735 1097 si·

378 1133 661 1219 mulque
719 1134 805 1202 ab
854 1153 935 1202 ea
975 1141 1251 1202 emanat
1291 1132 1557 1202 initium
1607 1133 1894 1222 episodii
1934 1134 2137 1222 primi
2177 1155 2221 1203 v
2268 1127 2734 1203 214—266.

374 1237 712 1309 Similiter
794 1238 1088 1327 parodus
1174 1259 1412 1309 comm.
1511 1238 1788 1309 Heracl.
1890 1234 2252 1306 73—110
2314 1240 2400 1310 ab
2459 1249 2701 1311 antece

376 1342 699 1417 dentibus
758 1368 821 1413 v.
877 1340 1185 1410 55—72
1245 1345 1528 1436 profluit
1582 1360 1799 1434 neque
1853 1347 2121 1417 initium
2178 1345 2468 1436 episodii
2525 1347 2733 1437 primi

383 1475 450 1522 v.
524 1449 931 1517 111-118
993 1454 1078 1522 ab
1136 1474 1217 1523 ea
1291 1453 1694 1525 secernitur.
1776 1453 2025 1538 Postea
2107 1453 2405 1543 parodus
2494 1475 2730 1524 comm.

322 1639 326 1643 ,
384 1560 714 1633 Hecubae
802 1554 1162 1624 59—166
1244 1581 1284 1629 a
1356 1559 1676 1630 monodia
1760 1560 2078 1639 Hecubae
2155 1558 2595 1631 antecedente
2669 1583 2732 1628 v.

383 1663 696 1735 59—97
760 1667 1028 1736 initium
1066 1696 1072 1701 ·
1105 1668 1309 1736 sumit
1387 1688 1607 1754 neque
1682 1689 1844 1755 pars
1921 1668 2107 1756 prior
2183 1667 2476 1756 episodii
2532 1668 2737 1756 primi

380 1797 448 1842 v.
523 1769 935 1840 177----·214
995 1774 1080 1843 ab
1125 1773 1281 1855 ‚illa
1355 1783 1736 1863 separatur.
1816 1773 2078 1845 Eodem
2157 1773 2356 1843 modo
2438 1773 2737 1863 parodus

381 1902 627 1953 comm.
691 1880 1031 1951 Troadum
1117 1879 1283 1949 Eur.
1387 1875 1794 1946 153-196
1885 1903 1924 1950 a
1993 1880 2329 1952 monodia
2413 1880 2738 1951 Hecubae

381 1989 823 2059 antecedente
882 2010 943 2055 v.
1013 1982 1373 2051 98—152
1436 1987 1701 2076 pendet,
1766 1988 1854 2058 ad
1904 2008 2106 2076 quam
2203 2010 2265 2056 v.
2320 1982 2734 2052 -197--229

384 2116 428 2164 a
489 2097 632 2166 solo
691 2095 897 2165 choro
956 2095 1210 2164 cantati
1269 2094 1670 2164 accedentes
1730 2096 2063 2164 actionem
2118 2093 2594 2165 histrionalem
2634 2094 2734 2163 in-

322 2240 329 2243 -
382 2210 834 2292 terrumpunt‚
896 2202 994 2270 ita
1050 2211 1120 2269 ut
1177 2200 1554 2289 episodium
1610 2202 1904 2289 primum
1962 2224 2002 2270 a
2061 2225 2123 2271 v.
2172 2195 2343 2266 230
2401 2201 2737 2290 incipiens

385 2331 536 2378 cum
592 2310 759 2398 ipsa·
817 2308 1076 2398 parodo
1151 2329 1283 2376 non
1362 2308 1744 2378 coh-iereat.
1833 2309 2050 2378 Porro
2134 2308 2433 2397 parodus
2493 2328 2732 2378 comm.

314 2428 321 2434 ·
382 2415 538 2486 Hel.
618 2410 1016 2480 179—‘2'01
1093 2436 1245 2483 cum
1318 2437 1355 2485 e
1430 2415 1748 2485 monodia
1804 2415 2111 2485 Helenae
2169 2415 2609 2485 antecedente
2665 2437 2731 2482 v.

393 2516 830 2610 164-178,
890 2531 961 2591 ut
999 2522 1177 2590 ratio
1216 2521 1566 2610 strophica
1615 2521 1832 2609 docet,
1875 2522 2253 2609 delabatur,
2308 2531 2449 2590 tum
2503 2521 2733 2610 priore

383 2638 579 2717 parte
636 2628 922 2719 episodii
979 2629 1183 2717 primi
1243 2651 1304 2697 ν.
1374 2623 1612 2698 252--
1639 2623 1787 2695 385
1830 2629 1983 2717 ipsa
2020 2639 2467 2718 propagatur.
2510 2629 2729 2698 Acce-

384 2736 486 2805 dit
540 2736 837 2826 parodus
897 2736 1296 2806 commatica
1353 2733 1618 2806 Orestis
1672 2729 2105 2820 140-208‚
2166 2755 2341 2823 quae
2400 2755 2440 2805 a
2497 2735 2729 2805 verbis

388 2843 947 2914 antecedentibus
1003 2842 1323 2931 Electrae
1380 2865 1442 2910 v.
1516 2837 1928 2906 132—139
1989 2842 2176 2912 nullo
2232 2840 2430 2911 modo
2489 2841 2729 2912 divelli

382 2958 622 3038 potest,
686 2972 724 3020 a
781 2972 842 3018 v.
909 2943 1059 3013 208
1120 2970 1287 3036 seq-‚
1347 2949 1590 3037 quibus
1628 2949 1922 3038 primum
1971 2948 2348 3038 episodium
2405 2947 2726 3024 efficitur,

382 3065 609 3127 tamen
666 3056 1018 3146 segregari
1078 3065 1314 3142 potest.
1402 3055 1714 3143 Denique
1798 3056 1868 3125 in
1952 3054 2119 3128 Oed.
2201 3054 2344 3127 Col.
2436 3055 2730 3139 paredus

244 3196 249 3200 ·
366 3184 621 3253 comm.
689 3156 1104 3227 117—254
1179 3161 1893 3233 abantecedentibus
1968 3185 2031 3231 v.
2119 3156 2531 3226 lll--llss
2592 3182 2726 3232 non

382 3270 761 3367 seiungitur
816 3260 1202 3360 (praeterea
1244 3267 1326 3338 cf.
1370 3291 1434 3337 v.
1484 3263 1578 3333 36
1649 3265 1849 3357 seq),
1973 3269 2407 3358 sequentibus
2503 3278 2727 3340 autem

381 3398 446 3446 V.
515 3370 956 3463 255-309‚
1016 3376 1259 3463 quibus
1370 3376 1557 3462 prior
1630 3397 1794 3465 pars
1870 3375 2156 3464 episodii
2277 3376 2482 3460 primi
2577 3374 2727 3446 effi-

384 3484 583 3563 citur,
644 3484 796 3572 ipsa
853 3483 1265 3572 producitur.
1359 3482 1614 3554 Contra
1697 3483 1924 3572 Iphig.
1988 3482 2192 3552 Taur.
2272 3503 2421 3571 par.
2484 3502 2722 3551 comm.

397 3583 827 3677 123--235,
888 3610 1298 3677 quamquam
1376 3612 1417 3658 a
1493 3590 1724 3660 statim
1800 3588 2305 3660 antecedetibus
2393 3611 2454 3657 v.
2522 3583 2720 3652 66-

392 3690 530 3761 122
593 3705 795 3784 atque
881 3718 921 3766 a
1004 3698 1236 3766 statim
1319 3697 1751 3783 sequentibus
1826 3719 1890 3766 v.
1983 3690 2131 3761 236
2165 3691 2425 3772 -391.
2487 3694 2728 3783 quibus

263 3845 272 3852 ·
380 3803 755 3893 episodium
827 3805 1122 3898 primum
1196 3803 1576 3878 adducitur,
1656 3803 1893 3873 divelli
1968 3811 2211 3892 potest,
2272 3812 2501 3873 tamen
2561 3824 2601 3872 a
2658 3825 2722 3871 v.

386 3905 691 3976 61-66
748 3910 994 4000 pendet
1077 3910 1504 3999 Etiam-par.
1577 3930 1815 3978 comm.
1881 3904 1982 3977 El.
2043 3909 2210 3979 Eur.
2282 3904 2722 3997 167-212,

380 4037 790 4107 quamquam
848 4039 888 4087 a
943 4017 1262 4087 monodia
1335 4016 1777 4087 antecedente
1833 4038 1897 4085 v.
1968 4011 2379 4082 112-----166
2442 4037 2722 4104 separa-

381 4133 512 4213 tur,
571 4134 797 4195 tamen
855 4145 1004 4194 cum
1063 4124 1256 4193 initio
1313 4124 1601 4212 episodii
1638 4124 1843 4212 primi
1903 4145 1944 4193 a
2001 4146 2064 4193 V.
2130 4118 2279 4187 213
2333 4123 2724 4212 incipientis

380 4231 607 4319 aliquo
637 4231 833 4301 modo
873 4232 1211 4301 cohaeret.
1258 4229 1446 4319 Ergo
1482 4238 1748 4300 tantum
1786 4231 1859 4299 in
1897 4230 2079 4300 Phil.
2123 4230 2419 4320 parodus
2478 4251 2715 4301 comm.

397 4333 801 4404 135—218
861 4338 1008 4408 sine
1066 4337 1313 4408 damno
1397 4338 1536 4408 ullo
1591 4337 1890 4426 partium
1949 4337 2237 4408 actionis
2292 4337 2720 4408 histrionalis

378 4445 959 4515 circumstantium
1017 4444 1326 4514 exsecari
1383 4452 1603 4533 potest
1687 4444 1925 4531 Itaque
1977 4443 2277 4533 paredus
2317 4444 2722 4515 commatica
