3417 5384
699 492 814 573 552

714 714 1034 793 trionum,
1094 696 1269 803 duae
1324 713 1501 783 inter
1560 712 1689 783 duo
1748 712 2058 805 episodia
2113 721 2376 804 tempus
2436 711 2711 800 aliquod
2769 710 2857 782 ad
2913 718 3065 803 spe-

711 822 889 892 'ci'em
945 820 1046 891 rei
1103 819 1328 890 factae
1385 819 1796 892 servandam
1863 818 2444 889 intermittendum
2501 818 2852 909 praebent,
2912 816 3063 908 spe-

686 928 852 998 ''cies
907 926 1197 1016 reperiri
1251 935 1553 1016 possunt,
1612 946 1787 1015 quae
1843 926 1990 996 sine
2046 925 2249 996 dubio
2296 925 2504 996 etiam
2558 926 2630 997 in
2684 924 3062 1014 tragoediis

706 1033 910 1119 ‚unius
965 1033 1319 1103 histrionis
1376 1032 1804 1104 accidebant.
1864 1031 1979 1103 Sic
2034 1053 2144 1102 res
2200 1053 2271 1102 se
2310 1030 2521 1102 habet
2573 1031 2648 1100 in
2704 1032 2844 1102 illis
2903 1028 3062 1103 cho·

712 1141 898 1230 ricis‚
959 1139 1206 1229 quibus
1262 1136 1577 1228 efficitur,
1637 1148 1710 1208 ut
1765 1157 2057 1230 persona
2107 1138 2230 1209 sub
2268 1137 2409 1208 11110
2463 1138 2716 1227 prioris
2774 1137 3065 1229 episodii

706 1244 908 1318 'extra
967 1267 1287 1321 scaenam
1317 1245 1746 1317 abscedens
1803 1245 1894 1315 ad
1950 1244 2325 1334 episodium
2385 1244 2671 1315 alterum
2728 1244 3060 1334 incipien-

712 1353 873 1423 dum
933 1387 1029 1398 —
1089 1353 1315 1441 specie
1370 1353 1472 1422 rei
1528 1351 1753 1423 factae
1810 1360 2084 1422 servata
2143 1388 2241 1397 ---
2301 1352 2374 1421 in
2430 1372 2746 1423 scaenam
2801 1351 3063 1421 reverti

710 1460 951 1551 possit,
1026 1459 1239 1529 veluti
1293 1459 1365 1527 in
1421 1458 1671 1529 Aesch.
1761 1456 1997 1547 Suppl.
2088 1452 2548 1553 524—5993
2626 1456 2831 1546 Soph.
2892 1456 3060 1527 Ant.

718 1557 1165 1647 aaa—375,
1225 1563 1396 1636 Oed.
1456 1565 1539 1635 R.
1591 1558 2053 1653 863—9103
2112 1562 2280 1633 Eur.
2327 1556 2510 1634 Med.
2560 1557 3060 1653 947—1001.‚

712 1671 933 1747 Andr.
1000 1666 1229 1737 464-
1267 1665 1447 1761 492,
1505 1671 1716 1742 Herc.
1777 1670 1945 1740 Eur.
2013 1664 2456 1740 348—441.
2508 1669 2773 1742 Deinde
2811 1671 2882 1739 in
2918 1678 3060 1741 tra·

712 1766 961 1870 goedia
1015 1779 1214 1848 unius
1271 1777 1630 1849 histrionis
1687 1778 1965 1849 chorica
2019 1778 2562 1868 reperiebantur,
2614 1778 2856 1898 quibus
2914 1777 3060 1847 efli-

712 1887 775 1958 ci
833 1884 1239 1975 videretur,
1263 1894 1335 1954 ut
1397 1920 1490 1930 --
1554 1886 1781 1975 specie
1836 1885 1936 1954 rei
1995 1882 2218 1954 factae
2294 1894 2570 1955 servata
2626 1919 2723 1930 —
2785 1884 2856 1953 in
2911 1884 3063 1979 loco

708 2013 1065 2083 personae,
1126 2012 1301 2080 quae
1357 1992 1480 2061 sub
1538 1990 1679 2061 fine
1736 1991 1988 2081 prioris
2046 1988 2333 2080 episodii
2388 2012 2427 2060 e
2474 2011 2720 2062 scaena
2765 1990 3057 2086 abierat,

713 2099 852 2170 alia
910 2119 1203 2188 persona
1279 2098 1349 2166 in
1425 2099 1643 2169 altero
1712 2097 2022 2193 episodio
2097 2119 2201 2184 ea,
2276 2102 2451 2186 quae
2525 2119 2606 2167 ex
2667 2097 2855 2168 abitu
2912 2098 3062 2168 eius

680 2196 1101 2293 evenerunt,
1171 2225 1500 2276 enarrare
1573 2213 1822 2295 posset,
1882 2212 1956 2273 ut
2011 2225 2093 2274 ex
2149 2205 2260 2273 his
2320 2204 2613 2275 choricis
2668 2202 3059 2293 tragoedia-

707 2333 860 2381 rum
898 2311 1183 2381 duorum
1222 2310 1333 2381 vel
1370 2311 1578 2380 trium
1624 2310 2030 2381 hisirionum
2083 2311 2484 2381 concludere
2538 2310 2742 2381 licet:
2803 2310 3057 2383 Aesch.

711 2416 987 2507 Septem
1049 2411 1490 2506 720-791,
1552 2416 1758 2507 Soph.
1823 2417 1982 2486 Ant.
2055 2410 2600 2504 illa—1154,
2654 2417 2805 2507 Iph.
2847 2416 3056 2487 Taur.

715 2518 1264 2613 1234—1283,
1324 2520 1581 2594 Bacch.
1648 2517 2146 2594 977—1023.

923 2629 1035 2700 Ex
1091 2630 1653 2701 antecedentibus
1731 2629 1990 2702 clarum
2073 2630 2330 2701 factum
2387 2640 2511 2716 est,
2571 2631 2643 2699 in
2700 2622 3061 2720 tragoedia

707 2739 904 2807 unius
976 2736 1328 2807 histrionis
1411 2737 1791 2827 episodium
1872 2738 2245 2827 praecipue
2330 2726 2620 2807 formam
2702 2737 3060 2808 'relationis

708 2844 841 2915 sibi
898 2843 1308 2931 vindicasse,
1370 2864 1542 2932 quae
1599 2864 1764 2914 sane
1811 2843 2155 2913 interdum
2210 2843 2498 2914 formam
2540 2843 2856 2932 colloquii
2912 2844 3056 2915 his-

706 2952 952 3021 trionis
1010 2971 1158 3019 cum
1218 2950 1423 3020 choro
1481 2950 1588 3019 vel
1646 2950 1900 3021 rectius
1958 2940 2505 3043 coryphaeo'08),
2558 2950 2880 3043 exhibere
2938 2968 3055 3040 po-

647 3093 651 3096 >
708 3052 855 3127 tuit.
918 3055 1238 3127 Fortasse
1315 3065 1552 3146 poetae
1639 3057 1725 3126 ab
1810 3058 1942 3127 hac
2025 3052 2384 3128 narrativa
2467 3048 2688 3127 forma
2771 3057 3060 3178 episodii

707 3162 1163 3235 discesserunt
1220 3171 1423 3251 atque
1480 3163 1568 3233 ad
1615 3163 1810 3233 illam
1869 3172 2215 3235 actuosam
2271 3185 2344 3235 se
2393 3164 2878 3234 contulerunt
2861 3185 2932 3233 1n
2972 3164 3061 3235 iis

705 3269 1103 3359 tragoediis,
1163 3269 1235 3338 in
1290 3270 1532 3359 quibus
1589 3270 1837 3341 chorus
1913 3292 2243 3358 personae
2328 3272 2703 3360 primarum
2760 3270 3058 3399 partium

706 3376 1009 3482 infensus
1065 3384 1235 3447 erat
2983 3386 3004 3410 ‘¹

920 3590 1218 3660 Numero
1274 3590 1680 3660 histrionum
1764 3610 1978 3678 usque
2065 3590 2153 3659 ad
2235 3601 2375 3661 tres
2452 3599 2648 3661 aucto
2720 3585 3061 3679 imprimis

704 3695 925 3767 forma
981 3696 1271 3786 episodii
1328 3705 1738 3767 commutata
1796 3706 1918 3766 est.
2001 3697 2182 3767 Nam
2236 3717 2439 3785 nune,
2498 3718 2631 3787 quo
2685 3696 2885 3767 modo
2943 3719 3060 3768 res

706 3804 938 3892 aliqua
1012 3811 1205 3893 gesta
1261 3804 1373 3893 sit,
1435 3803 1646 3874 etiam
1704 3804 2018 3892 personis
2084 3804 2254 3893 ipsis
2331 3804 2510 3874 inter
2566 3825 2638 3874 se
2695 3804 3061 3892 agentibus

704 3910 1173 3980 demonstrare
1230 3912 1466 4000 potuit,
1537 3919 1871 3998 quatenus
1940 3931 2273 4000 personae
2344 3931 2479 3981 non
2555 3919 2747 3980 extra
2806 3910 3056 4000 locum,

703 4037 904 4107 quem
961 4038 1211 4087 scaena
1296 4017 1598 4106 denotat,
1689 4026 1972 4106 agentes
2031 4016 2376 4106 cogitandi
2432 4026 2609 4087 sunt.
2669 4015 2781 4085 Ad
2847 4037 3057 4105 quam

702 4144 848 4194 rem
903 4123 1405 4208 illustrandam⁷
1441 4124 1755 4214 exempla
1814 4124 2045 4194 afferri
2102 4121 2524 4212 superfluum
2580 4124 2733 4193 erit.

810 4452 895 4517 87
925 4366 1037 4446 ¹⁰⁸)
1081 4367 1177 4431 De
1224 4365 1575 4448 coryphaeo
1624 4386 1660 4429 a
1709 4366 1897 4431 choro
1946 4366 2337 4447 segregando
2386 4366 2529 4431 vide
2578 4367 2747 4443 Wil.‚
2805 4366 2956 4431 Her·
3002 4366 3061 4440 I,

700 4475 769 4535 p.·
904 4468 929 4519 .·
2065 4472 2070 4477 Δ
