<?xml version="1.0" encoding="UTF-8"?>
<!DOCTYPE html PUBLIC "-//W3C//DTD XHTML 1.0 Transitional//EN"
    "http://www.w3.org/TR/xhtml1/DTD/xhtml1-transitional.dtd">
<html xmlns="http://www.w3.org/1999/xhtml" xml:lang="en" lang="en">
 <head>
  <title>
</title>
<meta http-equiv="Content-Type" content="text/html;charset=utf-8" />
  <meta name='ocr-system' content='tesseract 3.04.00' />
  <meta name='ocr-capabilities' content='ocr_page ocr_carea ocr_par ocr_line ocrx_word'/>
</head>
<body>
  <div class='ocr_page' id='page_1' title='image "./detragoediarumg00dechgoog_0102.png"; bbox 0 0 3417 5384; ppageno 0'>
   <div class='ocr_carea' id='block_1_1' title="bbox 342 440 671 553">
    <p class='ocr_par' dir='ltr' id='par_1_1' title="bbox 342 440 671 553">
     <span class='ocr_line' id='line_1_1' title="bbox 342 440 671 553; baseline 0.003 -1"><span class='ocrx_word' id='word_1_1' title='bbox 342 440 355 456; x_wconf 53' lang='lat'>⁸</span> <span class='ocrx_word' id='word_1_2' title='bbox 570 472 671 553; x_wconf 76' lang='lat' dir='ltr'>es·</span> 
     </span>
    </p>
   </div>
   <div class='ocr_carea' id='block_1_2' title="bbox 490 689 2920 1649">
    <p class='ocr_par' dir='ltr' id='par_1_2' title="bbox 490 689 2920 1649">
     <span class='ocr_line' id='line_1_2' title="bbox 567 689 2915 787; baseline -0 -14"><span class='ocrx_word' id='word_1_3' title='bbox 567 711 863 773; x_wconf 85' lang='lat' dir='ltr'>mentum</span> <span class='ocrx_word' id='word_1_4' title='bbox 948 689 1263 773; x_wconf 83' lang='lat' dir='ltr'>actionis·</span> <span class='ocrx_word' id='word_1_5' title='bbox 1317 701 1690 773; x_wconf 87' lang='lat' dir='ltr'>nectendae</span> <span class='ocrx_word' id='word_1_6' title='bbox 1769 703 1838 771; x_wconf 82' lang='lat' dir='ltr'>in</span> <span class='ocrx_word' id='word_1_7' title='bbox 1916 694 2108 772; x_wconf 83' lang='lat' dir='ltr'>Pers.</span> <span class='ocrx_word' id='word_1_8' title='bbox 2172 697 2262 787; x_wconf 87' lang='lat' dir='ltr'>(v.</span> <span class='ocrx_word' id='word_1_9' title='bbox 2347 696 2791 787; x_wconf 79' lang='lat' dir='ltr'>249--55o)</span> <span class='ocrx_word' id='word_1_10' title='bbox 2848 710 2915 772; x_wconf 84' lang='lat' dir='ltr'>et</span> 
     </span>
     <span class='ocr_line' id='line_1_3' title="bbox 569 803 2909 899; baseline -0 -19"><span class='ocrx_word' id='word_1_11' title='bbox 569 809 805 899; x_wconf 85' lang='lat' dir='ltr'>Suppl.</span> <span class='ocrx_word' id='word_1_12' title='bbox 867 803 959 895; x_wconf 88' lang='lat' dir='ltr'>(v.</span> <span class='ocrx_word' id='word_1_13' title='bbox 1027 803 1479 894; x_wconf 70' lang='lat'>240—532)</span> <span class='ocrx_word' id='word_1_14' title='bbox 1540 810 1760 879; x_wconf 84' lang='lat' dir='ltr'>altera</span> <span class='ocrx_word' id='word_1_15' title='bbox 1816 830 1976 897; x_wconf 89' lang='lat' dir='ltr'>pars</span> <span class='ocrx_word' id='word_1_16' title='bbox 2033 809 2320 899; x_wconf 77' lang='lat' dir='ltr'>episodii</span> <span class='ocrx_word' id='word_1_17' title='bbox 2372 810 2578 899; x_wconf 84' lang='lat' dir='ltr'>primi</span> <span class='ocrx_word' id='word_1_18' title='bbox 2612 809 2909 897; x_wconf 81' lang='lat' dir='ltr'>exhibet,</span> 
     </span>
     <span class='ocr_line' id='line_1_4' title="bbox 490 910 2912 1006; baseline -0.001 -19"><span class='ocrx_word' id='word_1_19' title='bbox 490 966 495 975; x_wconf 34' lang='grc' dir='ltr'>ι</span> <span class='ocrx_word' id='word_1_20' title='bbox 572 938 719 988; x_wconf 91' lang='lat' dir='ltr'>cum</span> <span class='ocrx_word' id='word_1_21' title='bbox 776 917 1045 985; x_wconf 89' lang='lat' dir='ltr'>initium</span> <span class='ocrx_word' id='word_1_22' title='bbox 1133 910 1422 987; x_wconf 87' lang='lat' dir='ltr'>actionis</span> <span class='ocrx_word' id='word_1_23' title='bbox 1505 917 1737 987; x_wconf 90' lang='lat' dir='ltr'>statim</span> <span class='ocrx_word' id='word_1_24' title='bbox 1818 925 1971 1005; x_wconf 87' lang='lat' dir='ltr'>post</span> <span class='ocrx_word' id='word_1_25' title='bbox 2052 917 2274 1006; x_wconf 85' lang='lat' dir='ltr'>prima</span> <span class='ocrx_word' id='word_1_26' title='bbox 2335 918 2611 988; x_wconf 86' lang='lat' dir='ltr'>chorica</span> <span class='ocrx_word' id='word_1_27' title='bbox 2667 916 2912 987; x_wconf 88' lang='lat' dir='ltr'>harum</span> 
     </span>
     <span class='ocr_line' id='line_1_5' title="bbox 569 1018 2913 1113; baseline -0.001 -19"><span class='ocrx_word' id='word_1_28' title='bbox 569 1023 1074 1113; x_wconf 81' lang='lat' dir='ltr'>tragoediarum</span> <span class='ocrx_word' id='word_1_29' title='bbox 1135 1018 1263 1108; x_wconf 89' lang='lat' dir='ltr'>(sic</span> <span class='ocrx_word' id='word_1_30' title='bbox 1349 1023 1538 1093; x_wconf 84' lang='lat' dir='ltr'>Pers·</span> <span class='ocrx_word' id='word_1_31' title='bbox 1616 1046 1681 1092; x_wconf 90' lang='lat' dir='ltr'>v.</span> <span class='ocrx_word' id='word_1_32' title='bbox 1770 1019 1941 1111; x_wconf 72' lang='lat'>143,</span> <span class='ocrx_word' id='word_1_33' title='bbox 2002 1022 2235 1113; x_wconf 83' lang='lat' dir='ltr'>Suppl.</span> <span class='ocrx_word' id='word_1_34' title='bbox 2297 1047 2361 1093; x_wconf 90' lang='lat' dir='ltr'>v.</span> <span class='ocrx_word' id='word_1_35' title='bbox 2403 1019 2607 1107; x_wconf 65' lang='lat'>182)</span> <span class='ocrx_word' id='word_1_36' title='bbox 2665 1039 2913 1113; x_wconf 89' lang='lat' dir='ltr'>ponen-</span> 
     </span>
     <span class='ocr_line' id='line_1_6' title="bbox 571 1130 2908 1221; baseline -0.001 -20"><span class='ocrx_word' id='word_1_37' title='bbox 571 1131 730 1201; x_wconf 91' lang='lat' dir='ltr'>dum</span> <span class='ocrx_word' id='word_1_38' title='bbox 799 1132 908 1219; x_wconf 90' lang='lat' dir='ltr'>sit,</span> <span class='ocrx_word' id='word_1_39' title='bbox 991 1130 1149 1219; x_wconf 90' lang='lat' dir='ltr'>quia</span> <span class='ocrx_word' id='word_1_40' title='bbox 1206 1131 1279 1200; x_wconf 92' lang='lat' dir='ltr'>in</span> <span class='ocrx_word' id='word_1_41' title='bbox 1336 1140 1622 1217; x_wconf 87' lang='lat' dir='ltr'>utraque</span> <span class='ocrx_word' id='word_1_42' title='bbox 1677 1130 2032 1219; x_wconf 81' lang='lat' dir='ltr'>tragoedia</span> <span class='ocrx_word' id='word_1_43' title='bbox 2089 1131 2186 1200; x_wconf 91' lang='lat' dir='ltr'>ibi</span> <span class='ocrx_word' id='word_1_44' title='bbox 2242 1152 2322 1201; x_wconf 90' lang='lat' dir='ltr'>ea</span> <span class='ocrx_word' id='word_1_45' title='bbox 2379 1152 2629 1203; x_wconf 83' lang='lat' dir='ltr'>scaena</span> <span class='ocrx_word' id='word_1_46' title='bbox 2672 1131 2908 1221; x_wconf 72' lang='lat' dir='ltr'>incipi=</span> 
     </span>
     <span class='ocr_line' id='line_1_7' title="bbox 570 1231 2916 1328; baseline -0.001 -20"><span class='ocrx_word' id='word_1_47' title='bbox 570 1248 681 1309; x_wconf 86' lang='lat' dir='ltr'>tur</span> <span class='ocrx_word' id='word_1_48' title='bbox 737 1237 955 1320; x_wconf 70' lang='lat' dir='ltr'>(Pers.</span> <span class='ocrx_word' id='word_1_49' title='bbox 1027 1231 1467 1327; x_wconf 77' lang='lat'>143—248,</span> <span class='ocrx_word' id='word_1_50' title='bbox 1529 1237 1764 1328; x_wconf 84' lang='lat' dir='ltr'>Suppl.</span> <span class='ocrx_word' id='word_1_51' title='bbox 1851 1261 1914 1310; x_wconf 80' lang='lat' dir='ltr'>v.</span> <span class='ocrx_word' id='word_1_52' title='bbox 2018 1231 2480 1322; x_wconf 47' lang='lat' dir='ltr'>182--239Q</span> <span class='ocrx_word' id='word_1_53' title='bbox 2559 1257 2693 1325; x_wconf 84' lang='lat' dir='ltr'>qua</span> <span class='ocrx_word' id='word_1_54' title='bbox 2747 1237 2916 1307; x_wconf 89' lang='lat' dir='ltr'>illud</span> 
     </span>
     <span class='ocr_line' id='line_1_8' title="bbox 573 1336 2915 1434; baseline -0 -18"><span class='ocrx_word' id='word_1_55' title='bbox 573 1352 982 1416; x_wconf 87' lang='lat' dir='ltr'>momentum</span> <span class='ocrx_word' id='word_1_56' title='bbox 1036 1354 1541 1434; x_wconf 81' lang='lat' dir='ltr'>praeparatur.</span> <span class='ocrx_word' id='word_1_57' title='bbox 1631 1342 1824 1431; x_wconf 79' lang='lat' dir='ltr'>Quod</span> <span class='ocrx_word' id='word_1_58' title='bbox 1906 1345 2006 1415; x_wconf 89' lang='lat' dir='ltr'>ita</span> <span class='ocrx_word' id='word_1_59' title='bbox 2090 1365 2198 1414; x_wconf 87' lang='lat' dir='ltr'>res</span> <span class='ocrx_word' id='word_1_60' title='bbox 2257 1367 2364 1433; x_wconf 66' lang='lat' dir='ltr'>⁸se</span> <span class='ocrx_word' id='word_1_61' title='bbox 2419 1345 2626 1415; x_wconf 89' lang='lat' dir='ltr'>habet</span> <span class='ocrx_word' id='word_1_62' title='bbox 2681 1336 2753 1415; x_wconf 87' lang='lat' dir='ltr'>in</span> <span class='ocrx_word' id='word_1_63' title='bbox 2806 1345 2915 1415; x_wconf 89' lang='lat' dir='ltr'>his</span> 
     </span>
     <span class='ocr_line' id='line_1_9' title="bbox 572 1443 2917 1542; baseline 0 -20"><span class='ocrx_word' id='word_1_64' title='bbox 572 1443 947 1542; x_wconf 83' lang='lat' dir='ltr'>tragoediis</span> <span class='ocrx_word' id='word_1_65' title='bbox 1004 1453 1473 1541; x_wconf 85' lang='lat' dir='ltr'>vetustisimis,</span> <span class='ocrx_word' id='word_1_66' title='bbox 1552 1452 1623 1520; x_wconf 93' lang='lat' dir='ltr'>id</span> <span class='ocrx_word' id='word_1_67' title='bbox 1700 1452 1846 1522; x_wconf 91' lang='lat' dir='ltr'>sine</span> <span class='ocrx_word' id='word_1_68' title='bbox 1921 1451 2125 1522; x_wconf 90' lang='lat' dir='ltr'>dubio</span> <span class='ocrx_word' id='word_1_69' title='bbox 2191 1451 2351 1522; x_wconf 67' lang='lat' dir='ltr'>‘ideo</span> <span class='ocrx_word' id='word_1_70' title='bbox 2408 1451 2510 1540; x_wconf 80' lang='lat' dir='ltr'>fit,</span> <span class='ocrx_word' id='word_1_71' title='bbox 2571 1452 2731 1541; x_wconf 85' lang='lat' dir='ltr'>quia</span> <span class='ocrx_word' id='word_1_72' title='bbox 2783 1452 2917 1527; x_wconf 81' lang='lat' dir='ltr'>hae</span> 
     </span>
     <span class='ocr_line' id='line_1_10' title="bbox 574 1558 2920 1649; baseline -0 -21"><span class='ocrx_word' id='word_1_73' title='bbox 574 1559 971 1649; x_wconf 78' lang='lat' dir='ltr'>tragoediae</span> <span class='ocrx_word' id='word_1_74' title='bbox 1025 1560 1310 1648; x_wconf 87' lang='lat' dir='ltr'>prologo</span> <span class='ocrx_word' id='word_1_75' title='bbox 1367 1580 1503 1629; x_wconf 91' lang='lat' dir='ltr'>non</span> <span class='ocrx_word' id='word_1_76' title='bbox 1557 1560 1933 1629; x_wconf 85' lang='lat' dir='ltr'>instructae</span> <span class='ocrx_word' id='word_1_77' title='bbox 1991 1568 2166 1648; x_wconf 88' lang='lat' dir='ltr'>sunt,</span> <span class='ocrx_word' id='word_1_78' title='bbox 2247 1560 2362 1628; x_wconf 90' lang='lat' dir='ltr'>ubi</span> <span class='ocrx_word' id='word_1_79' title='bbox 2435 1558 2786 1649; x_wconf 81' lang='lat' dir='ltr'>perfacile,</span> <span class='ocrx_word' id='word_1_80' title='bbox 2843 1567 2920 1628; x_wconf 89' lang='lat' dir='ltr'>ut</span> 
     </span>
    </p>
   </div>
   <div class='ocr_carea' id='block_1_3' title="bbox 575 1665 2936 1757">
    <p class='ocr_par' dir='ltr' id='par_1_3' title="bbox 575 1665 2936 1757">
     <span class='ocr_line' id='line_1_11' title="bbox 575 1665 2936 1757; baseline -0.001 -20"><span class='ocrx_word' id='word_1_81' title='bbox 575 1668 647 1737; x_wconf 92' lang='lat' dir='ltr'>in</span> <span class='ocrx_word' id='word_1_82' title='bbox 705 1667 945 1737; x_wconf 84' lang='lat' dir='ltr'>ceteris</span> <span class='ocrx_word' id='word_1_83' title='bbox 1000 1665 1400 1755; x_wconf 81' lang='lat' dir='ltr'>tragoediis,</span> <span class='ocrx_word' id='word_1_84' title='bbox 1464 1687 1631 1754; x_wconf 82' lang='lat' dir='ltr'>quas</span> <span class='ocrx_word' id='word_1_85' title='bbox 1687 1667 2262 1757; x_wconf 80' lang='lat' dir='ltr'>enumeravimus,</span> <span class='ocrx_word' id='word_1_86' title='bbox 2316 1675 2593 1756; x_wconf 86' lang='lat' dir='ltr'>praeter</span> <span class='ocrx_word' id='word_1_87' title='bbox 2641 1667 2936 1756; x_wconf 60' lang='lat' dir='ltr'>=exp0si-2</span> 
     </span>
    </p>
   </div>
   <div class='ocr_carea' id='block_1_4' title="bbox 575 1764 2925 3043">
    <p class='ocr_par' dir='ltr' id='par_1_4' title="bbox 575 1764 2925 2935">
     <span class='ocr_line' id='line_1_12' title="bbox 575 1764 2920 1845; baseline 0.001 -3"><span class='ocrx_word' id='word_1_88' title='bbox 575 1775 827 1844; x_wconf 91' lang='lat' dir='ltr'>tionem</span> <span class='ocrx_word' id='word_1_89' title='bbox 884 1775 1088 1844; x_wconf 85' lang='lat' dir='ltr'>etiam</span> <span class='ocrx_word' id='word_1_90' title='bbox 1139 1782 1551 1845; x_wconf 83' lang='lat' dir='ltr'>moment-um</span> <span class='ocrx_word' id='word_1_91' title='bbox 1592 1774 1878 1844; x_wconf 84' lang='lat' dir='ltr'>actionis</span> <span class='ocrx_word' id='word_1_92' title='bbox 1918 1764 2293 1844; x_wconf 83' lang='lat' dir='ltr'>nectendae</span> <span class='ocrx_word' id='word_1_93' title='bbox 2334 1775 2733 1845; x_wconf 85' lang='lat' dir='ltr'>collocatum</span> <span class='ocrx_word' id='word_1_94' title='bbox 2771 1794 2920 1844; x_wconf 88' lang='lat' dir='ltr'>esse</span> 
     </span>
     <span class='ocr_line' id='line_1_13' title="bbox 579 1878 2920 1971; baseline 0.001 -21"><span class='ocrx_word' id='word_1_95' title='bbox 579 1881 892 1970; x_wconf 87' lang='lat' dir='ltr'>potuerit.</span> <span class='ocrx_word' id='word_1_96' title='bbox 958 1878 1272 1950; x_wconf 89' lang='lat' dir='ltr'>Ceterum</span> <span class='ocrx_word' id='word_1_97' title='bbox 1329 1901 1463 1950; x_wconf 90' lang='lat' dir='ltr'>non</span> <span class='ocrx_word' id='word_1_98' title='bbox 1522 1881 1964 1951; x_wconf 85' lang='lat' dir='ltr'>omittendum</span> <span class='ocrx_word' id='word_1_99' title='bbox 2005 1889 2129 1971; x_wconf 88' lang='lat' dir='ltr'>est,</span> <span class='ocrx_word' id='word_1_100' title='bbox 2172 1881 2351 1970; x_wconf 88' lang='lat' dir='ltr'>quod</span> <span class='ocrx_word' id='word_1_101' title='bbox 2389 1883 2461 1951; x_wconf 92' lang='lat' dir='ltr'>in</span> <span class='ocrx_word' id='word_1_102' title='bbox 2500 1881 2920 1971; x_wconf 84' lang='lat' dir='ltr'>expositione</span> 
     </span>
     <span class='ocr_line' id='line_1_14' title="bbox 577 1986 2922 2078; baseline 0 -21"><span class='ocrx_word' id='word_1_103' title='bbox 577 1987 964 2076; x_wconf 88' lang='lat' dir='ltr'>Aeschylea</span> <span class='ocrx_word' id='word_1_104' title='bbox 1020 1986 1240 2058; x_wconf 88' lang='lat' dir='ltr'>forma</span> <span class='ocrx_word' id='word_1_105' title='bbox 1295 2009 1433 2058; x_wconf 89' lang='lat' dir='ltr'>non</span> <span class='ocrx_word' id='word_1_106' title='bbox 1490 1987 1831 2077; x_wconf 88' lang='lat' dir='ltr'>dialogica</span> <span class='ocrx_word' id='word_1_107' title='bbox 1912 1990 2304 2077; x_wconf 86' lang='lat' dir='ltr'>praevalet:</span> <span class='ocrx_word' id='word_1_108' title='bbox 2366 1989 2465 2059; x_wconf 92' lang='lat' dir='ltr'>sic</span> <span class='ocrx_word' id='word_1_109' title='bbox 2520 1989 2591 2058; x_wconf 92' lang='lat' dir='ltr'>in</span> <span class='ocrx_word' id='word_1_110' title='bbox 2649 1987 2922 2078; x_wconf 85' lang='lat' dir='ltr'>Septem</span> 
     </span>
     <span class='ocr_line' id='line_1_15' title="bbox 586 2089 2921 2185; baseline -0 -21"><span class='ocrx_word' id='word_1_111' title='bbox 586 2090 864 2183; x_wconf 78' lang='lat'>1—37,</span> <span class='ocrx_word' id='word_1_112' title='bbox 954 2092 1252 2184; x_wconf 87' lang='lat' dir='ltr'>Choeph.</span> <span class='ocrx_word' id='word_1_113' title='bbox 1352 2089 1596 2164; x_wconf 81' lang='lat'>1--21</span> <span class='ocrx_word' id='word_1_114' title='bbox 1690 2096 2022 2185; x_wconf 85' lang='lat' dir='ltr'>expositio</span> <span class='ocrx_word' id='word_1_115' title='bbox 2098 2097 2379 2184; x_wconf 85' lang='lat' dir='ltr'>praebet</span> <span class='ocrx_word' id='word_1_116' title='bbox 2436 2096 2787 2184; x_wconf 80' lang='lat' dir='ltr'>orationiS,</span> <span class='ocrx_word' id='word_1_117' title='bbox 2848 2096 2921 2164; x_wconf 93' lang='lat' dir='ltr'>in</span> 
     </span>
     <span class='ocr_line' id='line_1_16' title="bbox 579 2193 2924 2291; baseline 0.001 -22"><span class='ocrx_word' id='word_1_118' title='bbox 579 2201 828 2291; x_wconf 87' lang='lat' dir='ltr'>Agam.</span> <span class='ocrx_word' id='word_1_119' title='bbox 900 2193 1174 2289; x_wconf 81' lang='lat'>1-—21‚</span> <span class='ocrx_word' id='word_1_120' title='bbox 1226 2201 1423 2270; x_wconf 89' lang='lat' dir='ltr'>Eum.</span> <span class='ocrx_word' id='word_1_121' title='bbox 1486 2196 1736 2266; x_wconf 65' lang='lat'>1-—63</span> <span class='ocrx_word' id='word_1_122' title='bbox 1778 2203 2118 2290; x_wconf 90' lang='lat' dir='ltr'>soliloquii</span> <span class='ocrx_word' id='word_1_123' title='bbox 2157 2202 2465 2274; x_wconf 84' lang='lat' dir='ltr'>formam.</span> <span class='ocrx_word' id='word_1_124' title='bbox 2529 2204 2611 2273; x_wconf 90' lang='lat' dir='ltr'>In</span> <span class='ocrx_word' id='word_1_125' title='bbox 2658 2223 2791 2291; x_wconf 86' lang='lat' dir='ltr'>qua</span> <span class='ocrx_word' id='word_1_126' title='bbox 2847 2223 2924 2272; x_wconf 92' lang='lat' dir='ltr'>re</span> 
     </span>
     <span class='ocr_line' id='line_1_17' title="bbox 577 2299 2924 2400; baseline -0 -22"><span class='ocrx_word' id='word_1_127' title='bbox 577 2306 935 2378; x_wconf 87' lang='lat' dir='ltr'>manifesto</span> <span class='ocrx_word' id='word_1_128' title='bbox 993 2308 1097 2379; x_wconf 91' lang='lat' dir='ltr'>vis</span> <span class='ocrx_word' id='word_1_129' title='bbox 1154 2317 1354 2397; x_wconf 87' lang='lat' dir='ltr'>atque</span> <span class='ocrx_word' id='word_1_130' title='bbox 1429 2310 1798 2380; x_wconf 82' lang='lat' dir='ltr'>auctoritas</span> <span class='ocrx_word' id='word_1_131' title='bbox 1871 2299 2131 2381; x_wconf 88' lang='lat' dir='ltr'>formae</span> <span class='ocrx_word' id='word_1_132' title='bbox 2204 2310 2591 2382; x_wconf 81' lang='lat' dir='ltr'>tralaticiae</span> <span class='ocrx_word' id='word_1_133' title='bbox 2657 2309 2924 2400; x_wconf 87' lang='lat' dir='ltr'>prologi</span> 
     </span>
     <span class='ocr_line' id='line_1_18' title="bbox 580 2414 2917 2507; baseline 0.001 -23"><span class='ocrx_word' id='word_1_134' title='bbox 580 2414 1090 2504; x_wconf 81' lang='lat' dir='ltr'>tragoediarum</span> <span class='ocrx_word' id='word_1_135' title='bbox 1146 2415 1342 2486; x_wconf 91' lang='lat' dir='ltr'>unius</span> <span class='ocrx_word' id='word_1_136' title='bbox 1398 2416 1751 2486; x_wconf 85' lang='lat' dir='ltr'>histrionis</span> <span class='ocrx_word' id='word_1_137' title='bbox 1800 2417 2197 2506; x_wconf 82' lang='lat' dir='ltr'>ostenditur,</span> <span class='ocrx_word' id='word_1_138' title='bbox 2240 2419 2562 2506; x_wconf 86' lang='lat' dir='ltr'>quoniam</span> <span class='ocrx_word' id='word_1_139' title='bbox 2617 2417 2917 2507; x_wconf 83' lang='lat' dir='ltr'>Aeschy-</span> 
     </span>
     <span class='ocr_line' id='line_1_19' title="bbox 582 2515 2924 2614; baseline 0 -23"><span class='ocrx_word' id='word_1_140' title='bbox 582 2515 701 2595; x_wconf 45' lang='lat' dir='ltr'>lus*</span> <span class='ocrx_word' id='word_1_141' title='bbox 741 2523 825 2594; x_wconf 94' lang='lat' dir='ltr'>ob</span> <span class='ocrx_word' id='word_1_142' title='bbox 883 2522 1450 2593; x_wconf 83' lang='lat' dir='ltr'>introductionem</span> <span class='ocrx_word' id='word_1_143' title='bbox 1509 2524 1793 2594; x_wconf 83' lang='lat' dir='ltr'>alterius</span> <span class='ocrx_word' id='word_1_144' title='bbox 1851 2525 2203 2595; x_wconf 88' lang='lat' dir='ltr'>histrionis</span> <span class='ocrx_word' id='word_1_145' title='bbox 2260 2524 2464 2595; x_wconf 82' lang='lat' dir='ltr'>facile</span> <span class='ocrx_word' id='word_1_146' title='bbox 2520 2526 2592 2593; x_wconf 92' lang='lat' dir='ltr'>in</span> <span class='ocrx_word' id='word_1_147' title='bbox 2656 2524 2924 2614; x_wconf 87' lang='lat' dir='ltr'>exposi-</span> 
     </span>
     <span class='ocr_line' id='line_1_20' title="bbox 584 2629 2925 2721; baseline 0 -22"><span class='ocrx_word' id='word_1_148' title='bbox 584 2631 766 2700; x_wconf 85' lang='lat' dir='ltr'>tione</span> <span class='ocrx_word' id='word_1_149' title='bbox 825 2629 1187 2701; x_wconf 88' lang='lat' dir='ltr'>scribenda</span> <span class='ocrx_word' id='word_1_150' title='bbox 1243 2629 1532 2701; x_wconf 88' lang='lat' dir='ltr'>formam</span> <span class='ocrx_word' id='word_1_151' title='bbox 1590 2632 1905 2720; x_wconf 84' lang='lat' dir='ltr'>colloquii</span> <span class='ocrx_word' id='word_1_152' title='bbox 1993 2631 2321 2702; x_wconf 89' lang='lat' dir='ltr'>adhibere</span> <span class='ocrx_word' id='word_1_153' title='bbox 2377 2633 2613 2721; x_wconf 90' lang='lat' dir='ltr'>potuit,</span> <span class='ocrx_word' id='word_1_154' title='bbox 2673 2641 2745 2700; x_wconf 91' lang='lat' dir='ltr'>ut</span> <span class='ocrx_word' id='word_1_155' title='bbox 2799 2632 2925 2700; x_wconf 91' lang='lat' dir='ltr'>im-</span> 
     </span>
     <span class='ocr_line' id='line_1_21' title="bbox 581 2728 2925 2831; baseline 0 -24"><span class='ocrx_word' id='word_1_156' title='bbox 581 2728 848 2826; x_wconf 72' lang='lat' dir='ltr'>primis</span> <span class='ocrx_word' id='word_1_157' title='bbox 883 2757 964 2807; x_wconf 81' lang='lat' dir='ltr'>ex</span> <span class='ocrx_word' id='word_1_158' title='bbox 1021 2737 1426 2831; x_wconf 88' lang='lat' dir='ltr'>Prometheo</span> <span class='ocrx_word' id='word_1_159' title='bbox 1476 2733 1726 2808; x_wconf 79' lang='lat'>1—88</span> <span class='ocrx_word' id='word_1_160' title='bbox 1754 2749 2079 2828; x_wconf 76' lang='lat' dir='ltr'>apparet,</span> <span class='ocrx_word' id='word_1_161' title='bbox 2120 2740 2235 2808; x_wconf 90' lang='lat' dir='ltr'>ubi</span> <span class='ocrx_word' id='word_1_162' title='bbox 2273 2739 2606 2828; x_wconf 85' lang='lat' dir='ltr'>expositio</span> <span class='ocrx_word' id='word_1_163' title='bbox 2661 2749 2734 2808; x_wconf 90' lang='lat' dir='ltr'>ut</span> <span class='ocrx_word' id='word_1_164' title='bbox 2774 2759 2925 2809; x_wconf 91' lang='lat' dir='ltr'>cum</span> 
     </span>
     <span class='ocr_line' id='line_1_22' title="bbox 584 2835 2599 2935; baseline 0.002 -21"><span class='ocrx_word' id='word_1_165' title='bbox 584 2845 847 2915; x_wconf 87' lang='lat' dir='ltr'>actione</span> <span class='ocrx_word' id='word_1_166' title='bbox 903 2845 1262 2914; x_wconf 89' lang='lat' dir='ltr'>coniuncta</span> <span class='ocrx_word' id='word_1_167' title='bbox 1317 2843 1607 2914; x_wconf 88' lang='lat' dir='ltr'>formam</span> <span class='ocrx_word' id='word_1_168' title='bbox 1662 2846 2075 2935; x_wconf 87' lang='lat' dir='ltr'>dialogicam</span> <span class='ocrx_word' id='word_1_169' title='bbox 2145 2835 2599 2931; x_wconf 64' lang='lat' dir='ltr'>ostenditffif’).</span> 
     </span>
    </p>

    <p class='ocr_par' dir='ltr' id='par_1_5' title="bbox 796 2947 2922 3043">
     <span class='ocr_line' id='line_1_23' title="bbox 796 2947 2922 3043; baseline 0.001 -24"><span class='ocrx_word' id='word_1_170' title='bbox 796 2949 927 3019; x_wconf 85' lang='lat' dir='ltr'>Sed</span> <span class='ocrx_word' id='word_1_171' title='bbox 986 2959 1457 3022; x_wconf 84' lang='lat' dir='ltr'>convertamus</span> <span class='ocrx_word' id='word_1_172' title='bbox 1511 2973 1633 3022; x_wconf 91' lang='lat' dir='ltr'>nos</span> <span class='ocrx_word' id='word_1_173' title='bbox 1689 2952 1779 3022; x_wconf 86' lang='lat' dir='ltr'>ad</span> <span class='ocrx_word' id='word_1_174' title='bbox 1835 2951 2257 3043; x_wconf 86' lang='lat' dir='ltr'>Sophoclem.</span> <span class='ocrx_word' id='word_1_175' title='bbox 2320 2953 2429 3024; x_wconf 88' lang='lat' dir='ltr'>Ex</span> <span class='ocrx_word' id='word_1_176' title='bbox 2486 2955 2630 3025; x_wconf 88' lang='lat' dir='ltr'>eius</span> <span class='ocrx_word' id='word_1_177' title='bbox 2685 2947 2723 3016; x_wconf 84' lang='lat'>7</span> <span class='ocrx_word' id='word_1_178' title='bbox 2768 2973 2922 3041; x_wconf 89' lang='lat' dir='ltr'>pro-</span> 
     </span>
    </p>
   </div>
   <div class='ocr_carea' id='block_1_5' title="bbox 452 3048 3018 3149">
    <p class='ocr_par' dir='ltr' id='par_1_6' title="bbox 452 3048 3018 3149">
     <span class='ocr_line' id='line_1_24' title="bbox 452 3048 3018 3149; baseline 0.002 -26"><span class='ocrx_word' id='word_1_179' title='bbox 452 3116 457 3123; x_wconf 75' lang='lat'>,</span> <span class='ocrx_word' id='word_1_180' title='bbox 583 3057 757 3147; x_wconf 85' lang='lat' dir='ltr'>logis</span> <span class='ocrx_word' id='word_1_181' title='bbox 813 3066 1076 3128; x_wconf 87' lang='lat' dir='ltr'>tantum</span> <span class='ocrx_word' id='word_1_182' title='bbox 1133 3058 1262 3128; x_wconf 92' lang='lat' dir='ltr'>duo</span> <span class='ocrx_word' id='word_1_183' title='bbox 1320 3058 1555 3148; x_wconf 85' lang='lat' dir='ltr'>Antig.</span> <span class='ocrx_word' id='word_1_184' title='bbox 1637 3069 1704 3129; x_wconf 87' lang='lat' dir='ltr'>et</span> <span class='ocrx_word' id='word_1_185' title='bbox 1760 3058 1931 3133; x_wconf 91' lang='lat' dir='ltr'>Oed.</span> <span class='ocrx_word' id='word_1_186' title='bbox 1991 3060 2200 3149; x_wconf 89' lang='lat' dir='ltr'>Regis</span> <span class='ocrx_word' id='word_1_187' title='bbox 2250 3053 2504 3149; x_wconf 82' lang='lat' dir='ltr'>(30⁰l)</span> <span class='ocrx_word' id='word_1_188' title='bbox 2562 3048 2924 3148; x_wconf 85' lang='lat' dir='ltr'>expositio-</span> <span class='ocrx_word' id='word_1_189' title='bbox 3003 3086 3018 3101; x_wconf 54' lang='lat'>⁸</span> 
     </span>
    </p>
   </div>
   <div class='ocr_carea' id='block_1_6' title="bbox 583 3166 2927 3579">
    <p class='ocr_par' dir='ltr' id='par_1_7' title="bbox 583 3166 2927 3579">
     <span class='ocr_line' id='line_1_25' title="bbox 583 3166 2923 3259; baseline 0.001 -26"><span class='ocrx_word' id='word_1_190' title='bbox 583 3186 737 3234; x_wconf 91' lang='lat' dir='ltr'>nem</span> <span class='ocrx_word' id='word_1_191' title='bbox 778 3186 928 3235; x_wconf 81' lang='lat' dir='ltr'>cum</span> <span class='ocrx_word' id='word_1_192' title='bbox 967 3174 1305 3236; x_wconf 88' lang='lat' dir='ltr'>momento</span> <span class='ocrx_word' id='word_1_193' title='bbox 1347 3166 1633 3237; x_wconf 85' lang='lat' dir='ltr'>actionis</span> <span class='ocrx_word' id='word_1_194' title='bbox 1670 3166 2046 3238; x_wconf 83' lang='lat' dir='ltr'>nectendae</span> <span class='ocrx_word' id='word_1_195' title='bbox 2097 3169 2524 3239; x_wconf 80' lang='lat' dir='ltr'>coniunctam</span> <span class='ocrx_word' id='word_1_196' title='bbox 2575 3167 2923 3259; x_wconf 89' lang='lat' dir='ltr'>exhibent.</span> 
     </span>
     <span class='ocr_line' id='line_1_26' title="bbox 583 3268 2924 3364; baseline 0.001 -24"><span class='ocrx_word' id='word_1_197' title='bbox 583 3271 689 3341; x_wconf 78' lang='lat' dir='ltr'>Et.</span> <span class='ocrx_word' id='word_1_198' title='bbox 730 3271 1001 3360; x_wconf 90' lang='lat' dir='ltr'>quidem</span> <span class='ocrx_word' id='word_1_199' title='bbox 1055 3273 1126 3341; x_wconf 91' lang='lat' dir='ltr'>in</span> <span class='ocrx_word' id='word_1_200' title='bbox 1182 3272 1420 3362; x_wconf 90' lang='lat' dir='ltr'>Antig.</span> <span class='ocrx_word' id='word_1_201' title='bbox 1484 3268 1576 3360; x_wconf 88' lang='lat' dir='ltr'>(v.</span> <span class='ocrx_word' id='word_1_202' title='bbox 1648 3269 1929 3363; x_wconf 74' lang='lat'>1—99)</span> <span class='ocrx_word' id='word_1_203' title='bbox 2008 3276 2338 3364; x_wconf 86' lang='lat' dir='ltr'>expositio</span> <span class='ocrx_word' id='word_1_204' title='bbox 2392 3285 2459 3345; x_wconf 90' lang='lat' dir='ltr'>et</span> <span class='ocrx_word' id='word_1_205' title='bbox 2514 3283 2924 3354; x_wconf 89' lang='lat' dir='ltr'>momentum</span> 
     </span>
     <span class='ocr_line' id='line_1_27' title="bbox 584 3371 2922 3471; baseline 0 -21"><span class='ocrx_word' id='word_1_206' title='bbox 584 3379 872 3450; x_wconf 82' lang='lat' dir='ltr'>actionis</span> <span class='ocrx_word' id='word_1_207' title='bbox 907 3379 1279 3450; x_wconf 83' lang='lat' dir='ltr'>nectendae</span> <span class='ocrx_word' id='word_1_208' title='bbox 1317 3381 1495 3449; x_wconf 90' lang='lat' dir='ltr'>inter</span> <span class='ocrx_word' id='word_1_209' title='bbox 1533 3402 1604 3450; x_wconf 91' lang='lat' dir='ltr'>se</span> <span class='ocrx_word' id='word_1_210' title='bbox 1641 3371 2283 3471; x_wconf 69' lang='lat' dir='ltr'>implectuntur¹⁶⁶);</span> <span class='ocrx_word' id='word_1_211' title='bbox 2343 3382 2414 3451; x_wconf 91' lang='lat' dir='ltr'>in</span> <span class='ocrx_word' id='word_1_212' title='bbox 2467 3380 2634 3453; x_wconf 90' lang='lat' dir='ltr'>Oed.</span> <span class='ocrx_word' id='word_1_213' title='bbox 2699 3390 2922 3461; x_wconf 72' lang='lat' dir='ltr'>autem</span> 
     </span>
     <span class='ocr_line' id='line_1_28' title="bbox 583 3477 2927 3579; baseline 0.002 -24"><span class='ocrx_word' id='word_1_214' title='bbox 583 3486 773 3574; x_wconf 87' lang='lat' dir='ltr'>Rege</span> <span class='ocrx_word' id='word_1_215' title='bbox 831 3487 1021 3575; x_wconf 87' lang='lat' dir='ltr'>prior</span> <span class='ocrx_word' id='word_1_216' title='bbox 1076 3508 1237 3575; x_wconf 85' lang='lat' dir='ltr'>pars</span> <span class='ocrx_word' id='word_1_217' title='bbox 1290 3488 1561 3579; x_wconf 88' lang='lat' dir='ltr'>prologi</span> <span class='ocrx_word' id='word_1_218' title='bbox 1619 3477 1712 3578; x_wconf 84' lang='lat' dir='ltr'>(v.</span> <span class='ocrx_word' id='word_1_219' title='bbox 1787 3483 2067 3574; x_wconf 78' lang='lat'>1—84)</span> <span class='ocrx_word' id='word_1_220' title='bbox 2135 3489 2643 3578; x_wconf 87' lang='lat' dir='ltr'>expositionem,</span> <span class='ocrx_word' id='word_1_221' title='bbox 2706 3488 2927 3558; x_wconf 85' lang='lat' dir='ltr'>altera</span> 
     </span>
    </p>
   </div>
   <div class='ocr_carea' id='block_1_7' title="bbox 586 3620 902 3628">
    <p class='ocr_par' dir='ltr' id='par_1_8' title="bbox 586 3620 902 3628">
     <span class='ocr_line' id='line_1_29' title="bbox 586 3620 902 3628; baseline 0 1756"><span class='ocrx_word' id='word_1_222' title='bbox 586 3620 902 3628; x_wconf 95' lang='lat' dir='ltr'> </span> 
     </span>
    </p>
   </div>
   <div class='ocr_carea' id='block_1_8' title="bbox 906 3622 1127 3630">
    <p class='ocr_par' dir='ltr' id='par_1_9' title="bbox 906 3622 1127 3630">
     <span class='ocr_line' id='line_1_30' title="bbox 906 3622 1127 3630; baseline 0 1754"><span class='ocrx_word' id='word_1_223' title='bbox 906 3622 1127 3630; x_wconf 95' lang='lat' dir='ltr'> </span> 
     </span>
    </p>
   </div>
   <div class='ocr_carea' id='block_1_9' title="bbox 583 3643 2930 3848">
    <p class='ocr_par' dir='ltr' id='par_1_10' title="bbox 583 3643 2930 3848">
     <span class='ocr_line' id='line_1_31' title="bbox 803 3643 2930 3759; baseline 0 -19"><span class='ocrx_word' id='word_1_224' title='bbox 803 3673 906 3751; x_wconf 69' lang='lat'>1⁶⁵&gt;</span> <span class='ocrx_word' id='word_1_225' title='bbox 955 3677 1103 3751; x_wconf 79' lang='lat' dir='ltr'>Leo,</span> <span class='ocrx_word' id='word_1_226' title='bbox 1152 3677 1357 3740; x_wconf 76' lang='lat' dir='ltr'>Plaut.</span> <span class='ocrx_word' id='word_1_227' title='bbox 1406 3678 1662 3742; x_wconf 75' lang='lat' dir='ltr'>Forsch.</span> <span class='ocrx_word' id='word_1_228' title='bbox 1718 3696 1776 3758; x_wconf 79' lang='lat' dir='ltr'>p.</span> <span class='ocrx_word' id='word_1_229' title='bbox 1831 3676 1975 3743; x_wconf 82' lang='lat'>173:</span> <span class='ocrx_word' id='word_1_230' title='bbox 2035 3643 2193 3757; x_wconf 61' lang='lat' dir='ltr'>„Die</span> <span class='ocrx_word' id='word_1_231' title='bbox 2267 3668 2651 3759; x_wconf 45' lang='lat' dir='ltr'>Erfindung*</span> <span class='ocrx_word' id='word_1_232' title='bbox 2717 3677 2930 3741; x_wconf 73' lang='lat' dir='ltr'>dieser</span> 
     </span>
     <span class='ocr_line' id='line_1_32' title="bbox 583 3761 2930 3848; baseline 0 -19"><span class='ocrx_word' id='word_1_233' title='bbox 583 3765 772 3829; x_wconf 87' lang='lat' dir='ltr'>Form</span> <span class='ocrx_word' id='word_1_234' title='bbox 822 3761 986 3844; x_wconf 61' lang='lat' dir='ltr'>(scih</span> <span class='ocrx_word' id='word_1_235' title='bbox 1038 3766 1152 3830; x_wconf 88' lang='lat' dir='ltr'>der</span> <span class='ocrx_word' id='word_1_236' title='bbox 1198 3765 1579 3845; x_wconf 83' lang='lat' dir='ltr'>Exposition.</span> <span class='ocrx_word' id='word_1_237' title='bbox 1616 3768 2488 3848; x_wconf 34' lang='lat' dir='ltr'>durchrwechselgespriich)</span> <span class='ocrx_word' id='word_1_238' title='bbox 2552 3785 2723 3831; x_wconf 87' lang='lat' dir='ltr'>muss</span> <span class='ocrx_word' id='word_1_239' title='bbox 2780 3785 2930 3830; x_wconf 80' lang='lat' dir='ltr'>man</span> 
     </span>
    </p>
   </div>
   <div class='ocr_carea' id='block_1_10' title="bbox 585 3842 3032 3936">
    <p class='ocr_par' dir='ltr' id='par_1_11' title="bbox 585 3842 3032 3936">
     <span class='ocr_line' id='line_1_33' title="bbox 585 3842 3032 3936; baseline -0 -18"><span class='ocrx_word' id='word_1_240' title='bbox 585 3856 728 3918; x_wconf 91' lang='lat' dir='ltr'>dem</span> <span class='ocrx_word' id='word_1_241' title='bbox 776 3855 1100 3936; x_wconf 80' lang='lat' dir='ltr'>Aischylos</span> <span class='ocrx_word' id='word_1_242' title='bbox 1145 3856 1571 3932; x_wconf 82' lang='lat' dir='ltr'>zuschreiben,</span> <span class='ocrx_word' id='word_1_243' title='bbox 1622 3857 1687 3919; x_wconf 88' lang='lat' dir='ltr'>in</span> <span class='ocrx_word' id='word_1_244' title='bbox 1735 3856 1961 3921; x_wconf 87' lang='lat' dir='ltr'>dessen</span> <span class='ocrx_word' id='word_1_245' title='bbox 2010 3851 2421 3922; x_wconf 78' lang='lat' dir='ltr'>Prometheus</span> <span class='ocrx_word' id='word_1_246' title='bbox 2470 3858 2562 3922; x_wconf 86' lang='lat' dir='ltr'>sie</span> <span class='ocrx_word' id='word_1_247' title='bbox 2592 3842 2931 3929; x_wconf 79' lang='lat' dir='ltr'>erscheint‚</span> <span class='ocrx_word' id='word_1_248' title='bbox 3027 3912 3032 3917; x_wconf 86' lang='lat'>.</span> 
     </span>
    </p>
   </div>
   <div class='ocr_carea' id='block_1_11' title="bbox 584 3936 2935 4379">
    <p class='ocr_par' dir='ltr' id='par_1_12' title="bbox 584 3936 2933 4203">
     <span class='ocr_line' id='line_1_34' title="bbox 584 3936 2930 4028; baseline 0.002 -24"><span class='ocrx_word' id='word_1_249' title='bbox 584 3961 704 4008; x_wconf 87' lang='lat' dir='ltr'>von</span> <span class='ocrx_word' id='word_1_250' title='bbox 752 3944 874 4007; x_wconf 91' lang='lat' dir='ltr'>den</span> <span class='ocrx_word' id='word_1_251' title='bbox 921 3944 1287 4008; x_wconf 80' lang='lat' dir='ltr'>verlorenen</span> <span class='ocrx_word' id='word_1_252' title='bbox 1353 3944 1707 4025; x_wconf 80' lang='lat' dir='ltr'>Tragodien</span> <span class='ocrx_word' id='word_1_253' title='bbox 1755 3947 1819 4009; x_wconf 93' lang='lat' dir='ltr'>in</span> <span class='ocrx_word' id='word_1_254' title='bbox 1869 3946 1990 4010; x_wconf 89' lang='lat' dir='ltr'>den</span> <span class='ocrx_word' id='word_1_255' title='bbox 2039 3946 2360 4028; x_wconf 87' lang='lat' dir='ltr'>Phrygern</span> <span class='ocrx_word' id='word_1_256' title='bbox 2443 3945 2580 4025; x_wconf 89' lang='lat' dir='ltr'>(vit.</span> <span class='ocrx_word' id='word_1_257' title='bbox 2644 3936 2930 4023; x_wconf 78' lang='lat' dir='ltr'>Aesch·);</span> 
     </span>
     <span class='ocr_line' id='line_1_35' title="bbox 586 4032 2933 4117; baseline 0 -21"><span class='ocrx_word' id='word_1_258' title='bbox 586 4032 751 4096; x_wconf 90' lang='lat' dir='ltr'>denn</span> <span class='ocrx_word' id='word_1_259' title='bbox 800 4034 890 4096; x_wconf 87' lang='lat' dir='ltr'>sie</span> <span class='ocrx_word' id='word_1_260' title='bbox 938 4034 1136 4116; x_wconf 77' lang='lat' dir='ltr'>h’angt</span> <span class='ocrx_word' id='word_1_261' title='bbox 1181 4033 1485 4097; x_wconf 89' lang='lat' dir='ltr'>innerlich</span> <span class='ocrx_word' id='word_1_262' title='bbox 1532 4053 1896 4098; x_wconf 75' lang='lat' dir='ltr'>zusammen</span> <span class='ocrx_word' id='word_1_263' title='bbox 1943 4037 2061 4100; x_wconf 89' lang='lat' dir='ltr'>mit</span> <span class='ocrx_word' id='word_1_264' title='bbox 2118 4036 2227 4099; x_wconf 78' lang='lat' dir='ltr'>der</span> <span class='ocrx_word' id='word_1_265' title='bbox 2305 4034 2751 4117; x_wconf 83' lang='lat' dir='ltr'>Hinzufiigung</span> <span class='ocrx_word' id='word_1_266' title='bbox 2818 4034 2933 4097; x_wconf 85' lang='lat' dir='ltr'>des</span> 
     </span>
     <span class='ocr_line' id='line_1_36' title="bbox 587 4118 1360 4203; baseline 0.004 -22"><span class='ocrx_word' id='word_1_267' title='bbox 587 4120 628 4181; x_wconf 77' lang='lat'><strong>2</strong></span> <span class='ocrx_word' id='word_1_268' title='bbox 665 4127 774 4185; x_wconf 89' lang='lat' dir='ltr'>ten</span> <span class='ocrx_word' id='word_1_269' title='bbox 823 4118 1360 4203; x_wconf 87' lang='lat' dir='ltr'>Schauspielers“.</span> 
     </span>
    </p>

    <p class='ocr_par' dir='ltr' id='par_1_13' title="bbox 588 4207 2935 4379">
     <span class='ocr_line' id='line_1_37' title="bbox 805 4207 2935 4293; baseline -0.002 -19"><span class='ocrx_word' id='word_1_270' title='bbox 805 4207 912 4287; x_wconf 76' lang='lat'>¹⁶⁶)</span> <span class='ocrx_word' id='word_1_271' title='bbox 961 4211 1038 4275; x_wconf 93' lang='lat' dir='ltr'>In</span> <span class='ocrx_word' id='word_1_272' title='bbox 1086 4213 1342 4293; x_wconf 79' lang='lat' dir='ltr'>prologo</span> <span class='ocrx_word' id='word_1_273' title='bbox 1390 4212 1576 4276; x_wconf 88' lang='lat' dir='ltr'>huius</span> <span class='ocrx_word' id='word_1_274' title='bbox 1646 4214 2011 4290; x_wconf 74' lang='lat' dir='ltr'>tragoediae</span> <span class='ocrx_word' id='word_1_275' title='bbox 2088 4215 2167 4277; x_wconf 83' lang='lat' dir='ltr'>ad</span> <span class='ocrx_word' id='word_1_276' title='bbox 2242 4219 2323 4272; x_wconf 74' lang='grc' dir='ltr'>τὰ</span> <span class='ocrx_word' id='word_1_277' title='bbox 2393 4215 2935 4286; x_wconf 64' lang='grc' dir='ltr'>τροπεπραγμένα</span> 
     </span>
     <span class='ocr_line' id='line_1_38' title="bbox 588 4300 2929 4379; baseline -0.001 -15"><span class='ocrx_word' id='word_1_278' title='bbox 588 4319 672 4364; x_wconf 86' lang='lat' dir='ltr'>sc.</span> <span class='ocrx_word' id='word_1_279' title='bbox 720 4301 1089 4365; x_wconf 79' lang='lat' dir='ltr'>occisionem</span> <span class='ocrx_word' id='word_1_280' title='bbox 1139 4300 1406 4365; x_wconf 80' lang='lat' dir='ltr'>fratrum</span> <span class='ocrx_word' id='word_1_281' title='bbox 1454 4306 1520 4365; x_wconf 87' lang='lat' dir='ltr'>et</span> <span class='ocrx_word' id='word_1_282' title='bbox 1569 4302 1860 4365; x_wconf 89' lang='lat' dir='ltr'>Creontis</span> <span class='ocrx_word' id='word_1_283' title='bbox 1908 4303 2417 4367; x_wconf 81' lang='lat' dir='ltr'>interdictionem</span> <span class='ocrx_word' id='word_1_284' title='bbox 2449 4302 2710 4379; x_wconf 44' lang='lat' dir='ltr'>,accedit</span> <span class='ocrx_word' id='word_1_285' title='bbox 2734 4300 2929 4366; x_wconf 86' lang='lat' dir='ltr'>animi</span> 
     </span>
    </p>
   </div>
   <div class='ocr_carea' id='block_1_12' title="bbox 587 4389 2933 4544">
    <p class='ocr_par' dir='ltr' id='par_1_14' title="bbox 587 4389 2933 4544">
     <span class='ocr_line' id='line_1_39' title="bbox 587 4389 2933 4481; baseline 0.001 -30"><span class='ocrx_word' id='word_1_286' title='bbox 587 4389 867 4453; x_wconf 86' lang='lat' dir='ltr'>inductio</span> <span class='ocrx_word' id='word_1_287' title='bbox 915 4391 1285 4471; x_wconf 77' lang='lat' dir='ltr'>Antigonae,</span> <span class='ocrx_word' id='word_1_288' title='bbox 1337 4395 1408 4454; x_wconf 92' lang='lat' dir='ltr'>ut</span> <span class='ocrx_word' id='word_1_289' title='bbox 1455 4389 1721 4481; x_wconf 72' lang='lat' dir='ltr'>fratrem</span> <span class='ocrx_word' id='word_1_290' title='bbox 1769 4409 2158 4472; x_wconf 80' lang='lat' dir='ltr'>quocumque</span> <span class='ocrx_word' id='word_1_291' title='bbox 2209 4397 2392 4472; x_wconf 83' lang='lat' dir='ltr'>pacto</span> <span class='ocrx_word' id='word_1_292' title='bbox 2432 4392 2721 4473; x_wconf 88' lang='lat' dir='ltr'>sepeliat,</span> <span class='ocrx_word' id='word_1_293' title='bbox 2764 4391 2933 4471; x_wconf 88' lang='lat' dir='ltr'>quod</span> 
     </span>
     <span class='ocr_line' id='line_1_40' title="bbox 587 4476 1779 4544; baseline -0.003 -4"><span class='ocrx_word' id='word_1_294' title='bbox 587 4476 923 4542; x_wconf 79' lang='lat' dir='ltr'>manifesto</span> <span class='ocrx_word' id='word_1_295' title='bbox 970 4498 1162 4542; x_wconf 89' lang='lat' dir='ltr'>unum</span> <span class='ocrx_word' id='word_1_296' title='bbox 1209 4482 1331 4538; x_wconf 82' lang='grc' dir='ltr'>τῶν</span> <span class='ocrx_word' id='word_1_297' title='bbox 1379 4482 1602 4537; x_wconf 71' lang='grc' dir='ltr'><strong>ἔσωθεν</strong></span> <span class='ocrx_word' id='word_1_298' title='bbox 1649 4484 1779 4544; x_wconf 89' lang='lat' dir='ltr'>est.</span> 
     </span>
    </p>
   </div>
   <div class='ocr_carea' id='block_1_13' title="bbox 2881 5046 3417 5384">
    <p class='ocr_par' dir='ltr' id='par_1_15' title="bbox 2881 5046 3417 5384">
     <span class='ocr_line' id='line_1_41' title="bbox 2881 5046 3417 5384; baseline 0 0"><span class='ocrx_word' id='word_1_299' title='bbox 2881 5046 3417 5384; x_wconf 95' lang='lat' dir='ltr'> </span> 
     </span>
    </p>
   </div>
  </div>
 </body>
</html>
