<?xml version="1.0" encoding="UTF-8"?>
<!DOCTYPE html PUBLIC "-//W3C//DTD XHTML 1.0 Transitional//EN"
    "http://www.w3.org/TR/xhtml1/DTD/xhtml1-transitional.dtd">
<html xmlns="http://www.w3.org/1999/xhtml" xml:lang="en" lang="en">
 <head>
  <title>
</title>
<meta http-equiv="Content-Type" content="text/html;charset=utf-8" />
  <meta name='ocr-system' content='tesseract 3.04.00' />
  <meta name='ocr-capabilities' content='ocr_page ocr_carea ocr_par ocr_line ocrx_word'/>
</head>
<body>
  <div class='ocr_page' id='page_1' title='image "./detragoediarumg00dechgoog_0018.png"; bbox 0 0 3417 5384; ppageno 0'>
   <div class='ocr_carea' id='block_1_1' title="bbox 677 454 791 525">
    <p class='ocr_par' dir='ltr' id='par_1_1' title="bbox 677 454 791 525">
     <span class='ocr_line' id='line_1_1' title="bbox 677 454 791 525; baseline 0.018 -2"><span class='ocrx_word' id='word_1_1' title='bbox 677 454 791 525; x_wconf 67' lang='lat'>’14</span> 
     </span>
    </p>
   </div>
   <div class='ocr_carea' id='block_1_2' title="bbox 668 664 3044 2790">
    <p class='ocr_par' dir='ltr' id='par_1_2' title="bbox 668 664 3044 2790">
     <span class='ocr_line' id='line_1_2' title="bbox 678 664 3044 762; baseline -0.002 -18"><span class='ocrx_word' id='word_1_2' title='bbox 678 674 854 744; x_wconf 65' lang='lat' dir='ltr'>bant</span> <span class='ocrx_word' id='word_1_3' title='bbox 911 664 1027 757; x_wconf 77' lang='lat'>2¹).</span> <span class='ocrx_word' id='word_1_4' title='bbox 1088 671 1326 761; x_wconf 90' lang='lat' dir='ltr'>Itaque</span> <span class='ocrx_word' id='word_1_5' title='bbox 1393 672 1801 744; x_wconf 85' lang='lat' dir='ltr'>Aristoteles</span> <span class='ocrx_word' id='word_1_6' title='bbox 1858 674 2150 762; x_wconf 47' lang='lat' dir='ltr'>primus&gt;</span> <span class='ocrx_word' id='word_1_7' title='bbox 2181 681 2252 741; x_wconf 91' lang='lat' dir='ltr'>ut</span> <span class='ocrx_word' id='word_1_8' title='bbox 2307 671 2599 760; x_wconf 80' lang='lat' dir='ltr'>videtur,</span> <span class='ocrx_word' id='word_1_9' title='bbox 2666 692 2785 760; x_wconf 89' lang='lat' dir='ltr'>per</span> <span class='ocrx_word' id='word_1_10' title='bbox 2841 691 3044 741; x_wconf 82' lang='lat' dir='ltr'>suam</span> 
     </span>
     <span class='ocr_line' id='line_1_3' title="bbox 680 777 3030 868; baseline 0 -19"><span class='ocrx_word' id='word_1_11' title='bbox 680 779 1155 849; x_wconf 86' lang='lat' dir='ltr'>definitionem</span> <span class='ocrx_word' id='word_1_12' title='bbox 1211 779 1481 868; x_wconf 83' lang='lat' dir='ltr'>prologi</span> <span class='ocrx_word' id='word_1_13' title='bbox 1540 779 1880 850; x_wconf 87' lang='lat' dir='ltr'>notionem</span> <span class='ocrx_word' id='word_1_14' title='bbox 1937 778 2239 849; x_wconf 90' lang='lat' dir='ltr'>extendit</span> <span class='ocrx_word' id='word_1_15' title='bbox 2313 779 2517 851; x_wconf 60' lang='lat' dir='ltr'>eliam</span> <span class='ocrx_word' id='word_1_16' title='bbox 2575 777 2662 847; x_wconf 85' lang='lat' dir='ltr'>ad</span> <span class='ocrx_word' id='word_1_17' title='bbox 2722 798 3030 865; x_wconf 65' lang='lat' dir='ltr'>scaenas),</span> 
     </span>
     <span class='ocr_line' id='line_1_4' title="bbox 680 884 3035 975; baseline -0.001 -20"><span class='ocrx_word' id='word_1_18' title='bbox 680 906 861 974; x_wconf 85' lang='lat' dir='ltr'>quae</span> <span class='ocrx_word' id='word_1_19' title='bbox 916 886 1096 955; x_wconf 87' lang='lat' dir='ltr'>inter</span> <span class='ocrx_word' id='word_1_20' title='bbox 1151 886 1445 974; x_wconf 88' lang='lat' dir='ltr'>primum</span> <span class='ocrx_word' id='word_1_21' title='bbox 1523 886 1951 975; x_wconf 81' lang='lat' dir='ltr'>soliloquium</span> <span class='ocrx_word' id='word_1_22' title='bbox 2008 886 2115 955; x_wconf 92' lang='lat' dir='ltr'>vel</span> <span class='ocrx_word' id='word_1_23' title='bbox 2175 886 2582 972; x_wconf 79' lang='lat' dir='ltr'>colloquium</span> <span class='ocrx_word' id='word_1_24' title='bbox 2637 884 3035 973; x_wconf 79' lang='lat' dir='ltr'>tragoediae</span> 
     </span>
     <span class='ocr_line' id='line_1_5' title="bbox 689 982 3036 1081; baseline -0.001 -18"><span class='ocrx_word' id='word_1_25' title='bbox 689 1008 755 1063; x_wconf 88' lang='lat' dir='ltr'>et</span> <span class='ocrx_word' id='word_1_26' title='bbox 811 993 1162 1062; x_wconf 75' lang='lat' dir='ltr'>introilum</span> <span class='ocrx_word' id='word_1_27' title='bbox 1248 993 1439 1062; x_wconf 83' lang='lat' dir='ltr'>chori</span> <span class='ocrx_word' id='word_1_28' title='bbox 1523 992 1950 1063; x_wconf 81' lang='lat' dir='ltr'>intercedunt</span> <span class='ocrx_word' id='word_1_29' title='bbox 2005 982 2126 1077; x_wconf 78' lang='grc'>22).</span> <span class='ocrx_word' id='word_1_30' title='bbox 2216 990 2362 1079; x_wconf 78' lang='lat' dir='ltr'>Quo</span> <span class='ocrx_word' id='word_1_31' title='bbox 2443 991 2695 1062; x_wconf 72' lang='lat' dir='ltr'>fac-tum</span> <span class='ocrx_word' id='word_1_32' title='bbox 2780 1001 2901 1081; x_wconf 74' lang='lat' dir='ltr'>est,</span> <span class='ocrx_word' id='word_1_33' title='bbox 2961 1001 3036 1060; x_wconf 89' lang='lat' dir='ltr'>ut</span> 
     </span>
     <span class='ocr_line' id='line_1_6' title="bbox 668 1098 3030 1189; baseline 0.001 -25"><span class='ocrx_word' id='word_1_34' title='bbox 668 1098 1118 1188; x_wconf 59' lang='lat' dir='ltr'>„significatus</span> <span class='ocrx_word' id='word_1_35' title='bbox 1174 1099 1361 1169; x_wconf 79' lang='lat' dir='ltr'>vocis</span> <span class='ocrx_word' id='word_1_36' title='bbox 1420 1100 1684 1189; x_wconf 78' lang='lat' dir='ltr'>prologi</span> <span class='ocrx_word' id='word_1_37' title='bbox 1742 1121 1785 1169; x_wconf 92' lang='lat' dir='ltr'>a</span> <span class='ocrx_word' id='word_1_38' title='bbox 1838 1100 2183 1189; x_wconf 84' lang='lat' dir='ltr'>prooemio</span> <span class='ocrx_word' id='word_1_39' title='bbox 2239 1099 2311 1167; x_wconf 91' lang='lat' dir='ltr'>in</span> <span class='ocrx_word' id='word_1_40' title='bbox 2377 1099 2864 1188; x_wconf 83' lang='lat' dir='ltr'>expositionem</span> <span class='ocrx_word' id='word_1_41' title='bbox 2922 1098 3030 1167; x_wconf 89' lang='lat' dir='ltr'>vel</span> 
     </span>
     <span class='ocr_line' id='line_1_7' title="bbox 680 1204 3030 1297; baseline -0.001 -22"><span class='ocrx_word' id='word_1_42' title='bbox 680 1206 1140 1297; x_wconf 88' lang='lat' dir='ltr'>perlusionem</span> <span class='ocrx_word' id='word_1_43' title='bbox 1199 1206 1486 1276; x_wconf 84' lang='lat' dir='ltr'>actionis</span> <span class='ocrx_word' id='word_1_44' title='bbox 1541 1204 1929 1275; x_wconf 86' lang='lat' dir='ltr'>fabularum</span> <span class='ocrx_word' id='word_1_45' title='bbox 1985 1207 2353 1276; x_wconf 84' lang='lat' dir='ltr'>maximam</span> <span class='ocrx_word' id='word_1_46' title='bbox 2418 1213 2683 1295; x_wconf 90' lang='lat' dir='ltr'>partem</span> <span class='ocrx_word' id='word_1_47' title='bbox 2739 1226 3030 1275; x_wconf 83' lang='lat' dir='ltr'>commu-</span> 
     </span>
     <span class='ocr_line' id='line_1_8' title="bbox 687 1300 3033 1402; baseline -0 -21"><span class='ocrx_word' id='word_1_48' title='bbox 687 1321 946 1381; x_wconf 88' lang='lat' dir='ltr'>taretur</span> <span class='ocrx_word' id='word_1_49' title='bbox 975 1300 1093 1395; x_wconf 68' lang='grc'>23).</span> <span class='ocrx_word' id='word_1_50' title='bbox 1136 1311 1247 1380; x_wconf 93' lang='lat' dir='ltr'>Ad</span> <span class='ocrx_word' id='word_1_51' title='bbox 1286 1332 1489 1399; x_wconf 88' lang='lat' dir='ltr'>quam</span> <span class='ocrx_word' id='word_1_52' title='bbox 1537 1334 1680 1383; x_wconf 89' lang='lat' dir='ltr'>rem</span> <span class='ocrx_word' id='word_1_53' title='bbox 1728 1312 2218 1402; x_wconf 82' lang='lat' dir='ltr'>perficiendam</span> <span class='ocrx_word' id='word_1_54' title='bbox 2266 1312 2668 1383; x_wconf 86' lang='lat' dir='ltr'>Aristoteles</span> <span class='ocrx_word' id='word_1_55' title='bbox 2715 1334 2794 1382; x_wconf 90' lang='lat' dir='ltr'>eo</span> <span class='ocrx_word' id='word_1_56' title='bbox 2831 1333 3033 1400; x_wconf 90' lang='lat' dir='ltr'>quam</span> 
     </span>
     <span class='ocr_line' id='line_1_9' title="bbox 688 1419 3032 1508; baseline 0 -21"><span class='ocrx_word' id='word_1_57' title='bbox 688 1420 981 1490; x_wconf 81' lang='lat' dir='ltr'>maxime</span> <span class='ocrx_word' id='word_1_58' title='bbox 1039 1427 1408 1489; x_wconf 84' lang='lat' dir='ltr'>commotus</span> <span class='ocrx_word' id='word_1_59' title='bbox 1482 1441 1629 1490; x_wconf 85' lang='lat' dir='ltr'>esse</span> <span class='ocrx_word' id='word_1_60' title='bbox 1705 1420 1941 1508; x_wconf 88' lang='lat' dir='ltr'>potuit,</span> <span class='ocrx_word' id='word_1_61' title='bbox 2000 1419 2179 1507; x_wconf 81' lang='lat' dir='ltr'>quod</span> <span class='ocrx_word' id='word_1_62' title='bbox 2234 1436 2736 1506; x_wconf 85' lang='lat' dir='ltr'>nonnumquam</span> <span class='ocrx_word' id='word_1_63' title='bbox 2803 1419 3032 1488; x_wconf 89' lang='lat' dir='ltr'>statim</span> 
     </span>
     <span class='ocr_line' id='line_1_10' title="bbox 682 1525 3030 1615; baseline -0.001 -20"><span class='ocrx_word' id='word_1_64' title='bbox 682 1533 840 1615; x_wconf 89' lang='lat' dir='ltr'>post</span> <span class='ocrx_word' id='word_1_65' title='bbox 916 1525 1208 1614; x_wconf 87' lang='lat' dir='ltr'>primum</span> <span class='ocrx_word' id='word_1_66' title='bbox 1266 1526 1719 1613; x_wconf 86' lang='lat' dir='ltr'>soliloquium,</span> <span class='ocrx_word' id='word_1_67' title='bbox 1781 1526 1957 1615; x_wconf 90' lang='lat' dir='ltr'>quod</span> <span class='ocrx_word' id='word_1_68' title='bbox 2014 1526 2218 1615; x_wconf 89' lang='lat' dir='ltr'>vulgo</span> <span class='ocrx_word' id='word_1_69' title='bbox 2275 1526 2596 1615; x_wconf 81' lang='lat' dir='ltr'>prologus</span> <span class='ocrx_word' id='word_1_70' title='bbox 2652 1525 3030 1611; x_wconf 78' lang='lat' dir='ltr'>dicebatur,</span> 
     </span>
     <span class='ocr_line' id='line_1_11' title="bbox 688 1630 3030 1721; baseline 0 -20"><span class='ocrx_word' id='word_1_71' title='bbox 688 1632 1003 1702; x_wconf 76' lang='lat' dir='ltr'>introitus</span> <span class='ocrx_word' id='word_1_72' title='bbox 1055 1632 1243 1701; x_wconf 83' lang='lat' dir='ltr'>chori</span> <span class='ocrx_word' id='word_1_73' title='bbox 1283 1631 1387 1721; x_wconf 81' lang='lat' dir='ltr'>fit,</span> <span class='ocrx_word' id='word_1_74' title='bbox 1430 1634 1642 1702; x_wconf 83' lang='lat' dir='ltr'>veluti</span> <span class='ocrx_word' id='word_1_75' title='bbox 1680 1633 1754 1702; x_wconf 90' lang='lat' dir='ltr'>in</span> <span class='ocrx_word' id='word_1_76' title='bbox 1801 1633 2053 1703; x_wconf 88' lang='lat' dir='ltr'>Aesch.</span> <span class='ocrx_word' id='word_1_77' title='bbox 2097 1633 2320 1721; x_wconf 88' lang='lat' dir='ltr'>Agam</span> <span class='ocrx_word' id='word_1_78' title='bbox 2357 1689 2371 1720; x_wconf 84' lang='lat'>‚</span> <span class='ocrx_word' id='word_1_79' title='bbox 2417 1631 2747 1719; x_wconf 82' lang='lat' dir='ltr'>Choeph.‚</span> <span class='ocrx_word' id='word_1_80' title='bbox 2823 1630 3030 1720; x_wconf 82' lang='lat' dir='ltr'>Soph-</span> 
     </span>
     <span class='ocr_line' id='line_1_12' title="bbox 688 1737 3034 1829; baseline 0 -22"><span class='ocrx_word' id='word_1_81' title='bbox 688 1744 878 1817; x_wconf 89' lang='lat' dir='ltr'>Ant.‚</span> <span class='ocrx_word' id='word_1_82' title='bbox 930 1737 1094 1807; x_wconf 89' lang='lat' dir='ltr'>Eur.</span> <span class='ocrx_word' id='word_1_83' title='bbox 1156 1737 1408 1809; x_wconf 79' lang='lat' dir='ltr'>Bacch.</span> <span class='ocrx_word' id='word_1_84' title='bbox 1470 1748 1535 1808; x_wconf 86' lang='lat' dir='ltr'>et</span> <span class='ocrx_word' id='word_1_85' title='bbox 1591 1738 1827 1829; x_wconf 88' lang='lat' dir='ltr'>Suppl.</span> <span class='ocrx_word' id='word_1_86' title='bbox 1888 1739 2055 1809; x_wconf 87' lang='lat' dir='ltr'>Inde</span> <span class='ocrx_word' id='word_1_87' title='bbox 2112 1760 2276 1810; x_wconf 90' lang='lat' dir='ltr'>sane</span> <span class='ocrx_word' id='word_1_88' title='bbox 2332 1760 2482 1809; x_wconf 88' lang='lat' dir='ltr'>eum</span> <span class='ocrx_word' id='word_1_89' title='bbox 2550 1739 2798 1827; x_wconf 80' lang='lat' dir='ltr'>omnia,</span> <span class='ocrx_word' id='word_1_90' title='bbox 2859 1759 3034 1825; x_wconf 88' lang='lat' dir='ltr'>quae</span> 
     </span>
     <span class='ocr_line' id='line_1_13' title="bbox 684 1845 3029 1934; baseline -0 -20"><span class='ocrx_word' id='word_1_91' title='bbox 684 1847 866 1928; x_wconf 81' lang='lat' dir='ltr'>inter</span> <span class='ocrx_word' id='word_1_92' title='bbox 921 1845 1190 1913; x_wconf 89' lang='lat' dir='ltr'>initium</span> <span class='ocrx_word' id='word_1_93' title='bbox 1248 1846 1644 1934; x_wconf 85' lang='lat' dir='ltr'>tragoediae</span> <span class='ocrx_word' id='word_1_94' title='bbox 1730 1857 1795 1916; x_wconf 83' lang='lat' dir='ltr'>et</span> <span class='ocrx_word' id='word_1_95' title='bbox 1869 1847 2220 1916; x_wconf 89' lang='lat' dir='ltr'>introitum</span> <span class='ocrx_word' id='word_1_96' title='bbox 2307 1846 2495 1915; x_wconf 78' lang='lat' dir='ltr'>chori</span> <span class='ocrx_word' id='word_1_97' title='bbox 2583 1845 3029 1926; x_wconf 83' lang='lat' dir='ltr'>intercedunt,</span> 
     </span>
     <span class='ocr_line' id='line_1_14' title="bbox 686 1952 3033 2042; baseline -0.001 -20"><span class='ocrx_word' id='word_1_98' title='bbox 686 1952 1063 2041; x_wconf 83' lang='lat' dir='ltr'>generatim</span> <span class='ocrx_word' id='word_1_99' title='bbox 1117 1952 1473 2041; x_wconf 90' lang='lat' dir='ltr'>prologum</span> <span class='ocrx_word' id='word_1_100' title='bbox 1532 1954 1916 2042; x_wconf 89' lang='lat' dir='ltr'>appellasse</span> <span class='ocrx_word' id='word_1_101' title='bbox 1953 1974 2089 2023; x_wconf 89' lang='lat' dir='ltr'>non</span> <span class='ocrx_word' id='word_1_102' title='bbox 2147 1955 2392 2022; x_wconf 85' lang='lat' dir='ltr'>mirum</span> <span class='ocrx_word' id='word_1_103' title='bbox 2450 1962 2573 2041; x_wconf 79' lang='lat' dir='ltr'>est,</span> <span class='ocrx_word' id='word_1_104' title='bbox 2628 1953 3033 2041; x_wconf 57' lang='lat' dir='ltr'>praesertim</span> 
     </span>
     <span class='ocr_line' id='line_1_15' title="bbox 682 2059 3025 2149; baseline 0 -21"><span class='ocrx_word' id='word_1_105' title='bbox 682 2080 838 2129; x_wconf 76' lang='lat' dir='ltr'>cum</span> <span class='ocrx_word' id='word_1_106' title='bbox 879 2080 1002 2128; x_wconf 85' lang='lat' dir='ltr'>eae</span> <span class='ocrx_word' id='word_1_107' title='bbox 1057 2080 1368 2147; x_wconf 79' lang='lat' dir='ltr'>scaenae,</span> <span class='ocrx_word' id='word_1_108' title='bbox 1428 2081 1601 2147; x_wconf 85' lang='lat' dir='ltr'>quae</span> <span class='ocrx_word' id='word_1_109' title='bbox 1657 2059 1837 2130; x_wconf 80' lang='lat' dir='ltr'>inter</span> <span class='ocrx_word' id='word_1_110' title='bbox 1904 2061 2200 2149; x_wconf 86' lang='lat' dir='ltr'>primam</span> <span class='ocrx_word' id='word_1_111' title='bbox 2267 2060 2641 2130; x_wconf 85' lang='lat' dir='ltr'>orationem</span> <span class='ocrx_word' id='word_1_112' title='bbox 2698 2067 2764 2128; x_wconf 88' lang='lat' dir='ltr'>et</span> <span class='ocrx_word' id='word_1_113' title='bbox 2820 2059 3025 2128; x_wconf 87' lang='lat' dir='ltr'>intro-</span> 
     </span>
     <span class='ocr_line' id='line_1_16' title="bbox 687 2166 3027 2256; baseline -0.001 -20"><span class='ocrx_word' id='word_1_114' title='bbox 687 2166 853 2239; x_wconf 87' lang='lat' dir='ltr'>itum</span> <span class='ocrx_word' id='word_1_115' title='bbox 912 2166 1104 2234; x_wconf 84' lang='lat' dir='ltr'>chori</span> <span class='ocrx_word' id='word_1_116' title='bbox 1160 2166 1609 2256; x_wconf 86' lang='lat' dir='ltr'>intercedunt,</span> <span class='ocrx_word' id='word_1_117' title='bbox 1688 2167 1841 2255; x_wconf 87' lang='lat' dir='ltr'>pari</span> <span class='ocrx_word' id='word_1_118' title='bbox 1917 2166 2114 2236; x_wconf 89' lang='lat' dir='ltr'>modo</span> <span class='ocrx_word' id='word_1_119' title='bbox 2181 2189 2261 2238; x_wconf 85' lang='lat' dir='ltr'>ac</span> <span class='ocrx_word' id='word_1_120' title='bbox 2336 2167 2561 2256; x_wconf 87' lang='lat' dir='ltr'>prima</span> <span class='ocrx_word' id='word_1_121' title='bbox 2618 2166 2837 2236; x_wconf 87' lang='lat' dir='ltr'>oratio</span> <span class='ocrx_word' id='word_1_122' title='bbox 2892 2174 3027 2234; x_wconf 89' lang='lat' dir='ltr'>tra·</span> 
     </span>
     <span class='ocr_line' id='line_1_17' title="bbox 674 2271 3035 2362; baseline -0.001 -21"><span class='ocrx_word' id='word_1_123' title='bbox 674 2271 1084 2342; x_wconf 57' lang='lat' dir='ltr'>=doediarum</span> <span class='ocrx_word' id='word_1_124' title='bbox 1124 2280 1373 2342; x_wconf 86' lang='lat' dir='ltr'>statum</span> <span class='ocrx_word' id='word_1_125' title='bbox 1402 2295 1627 2342; x_wconf 89' lang='lat' dir='ltr'>rerum</span> <span class='ocrx_word' id='word_1_126' title='bbox 1688 2274 2110 2362; x_wconf 84' lang='lat' dir='ltr'>primarium,</span> <span class='ocrx_word' id='word_1_127' title='bbox 2171 2295 2368 2361; x_wconf 91' lang='lat' dir='ltr'>quem</span> <span class='ocrx_word' id='word_1_128' title='bbox 2441 2272 2797 2362; x_wconf 82' lang='lat' dir='ltr'>tragoedia</span> <span class='ocrx_word' id='word_1_129' title='bbox 2870 2293 3035 2340; x_wconf 79' lang='lat' dir='ltr'>una-</span> 
     </span>
     <span class='ocr_line' id='line_1_18' title="bbox 687 2379 3029 2469; baseline 0 -23"><span class='ocrx_word' id='word_1_130' title='bbox 687 2399 992 2467; x_wconf 82' lang='lat' dir='ltr'>quaeque</span> <span class='ocrx_word' id='word_1_131' title='bbox 1047 2380 1353 2467; x_wconf 87' lang='lat' dir='ltr'>praebet,</span> <span class='ocrx_word' id='word_1_132' title='bbox 1395 2401 1733 2469; x_wconf 87' lang='lat' dir='ltr'>exponere</span> <span class='ocrx_word' id='word_1_133' title='bbox 1771 2380 2104 2449; x_wconf 87' lang='lat' dir='ltr'>studeant.</span> <span class='ocrx_word' id='word_1_134' title='bbox 2161 2380 2292 2450; x_wconf 84' lang='lat' dir='ltr'>Sed</span> <span class='ocrx_word' id='word_1_135' title='bbox 2332 2379 2769 2450; x_wconf 88' lang='lat' dir='ltr'>Aristotelem</span> <span class='ocrx_word' id='word_1_136' title='bbox 2808 2379 3029 2468; x_wconf 90' lang='lat' dir='ltr'>ipsum</span> 
     </span>
     <span class='ocr_line' id='line_1_19' title="bbox 684 2485 3029 2576; baseline -0.001 -22"><span class='ocrx_word' id='word_1_137' title='bbox 684 2506 1188 2572; x_wconf 89' lang='lat' dir='ltr'>nonnumquam</span> <span class='ocrx_word' id='word_1_138' title='bbox 1245 2486 1316 2554; x_wconf 92' lang='lat' dir='ltr'>in</span> <span class='ocrx_word' id='word_1_139' title='bbox 1373 2487 1834 2575; x_wconf 82' lang='lat' dir='ltr'>significatum</span> <span class='ocrx_word' id='word_1_140' title='bbox 1880 2488 2285 2576; x_wconf 88' lang='lat' dir='ltr'>primarium</span> <span class='ocrx_word' id='word_1_141' title='bbox 2325 2488 2524 2556; x_wconf 92' lang='lat' dir='ltr'>huius</span> <span class='ocrx_word' id='word_1_142' title='bbox 2563 2487 2747 2556; x_wconf 80' lang='lat' dir='ltr'>vocis</span> <span class='ocrx_word' id='word_1_143' title='bbox 2803 2485 3029 2554; x_wconf 85' lang='lat' dir='ltr'>incur·</span> 
     </span>
     <span class='ocr_line' id='line_1_20' title="bbox 687 2589 3027 2682; baseline -0 -22"><span class='ocrx_word' id='word_1_144' title='bbox 687 2613 840 2662; x_wconf 89' lang='lat' dir='ltr'>rere</span> <span class='ocrx_word' id='word_1_145' title='bbox 898 2612 1031 2660; x_wconf 91' lang='lat' dir='ltr'>non</span> <span class='ocrx_word' id='word_1_146' title='bbox 1089 2593 1378 2661; x_wconf 88' lang='lat' dir='ltr'>veritum</span> <span class='ocrx_word' id='word_1_147' title='bbox 1450 2615 1599 2664; x_wconf 85' lang='lat' dir='ltr'>esse</span> <span class='ocrx_word' id='word_1_148' title='bbox 1654 2615 1737 2664; x_wconf 87' lang='lat' dir='ltr'>ex</span> <span class='ocrx_word' id='word_1_149' title='bbox 1812 2594 1899 2662; x_wconf 94' lang='lat' dir='ltr'>A.</span> <span class='ocrx_word' id='word_1_150' title='bbox 1958 2594 2157 2664; x_wconf 88' lang='lat' dir='ltr'>Rhet.</span> <span class='ocrx_word' id='word_1_151' title='bbox 2215 2594 2344 2682; x_wconf 83' lang='grc' dir='ltr'>ΙΙΙ,</span> <span class='ocrx_word' id='word_1_152' title='bbox 2419 2589 2507 2657; x_wconf 85' lang='grc'>14</span> <span class='ocrx_word' id='word_1_153' title='bbox 2567 2592 2722 2662; x_wconf 82' lang='lat' dir='ltr'>elici</span> <span class='ocrx_word' id='word_1_154' title='bbox 2779 2600 3027 2681; x_wconf 70' lang='lat' dir='ltr'>posset.</span> 
     </span>
     <span class='ocr_line' id='line_1_21' title="bbox 674 2698 3031 2790; baseline -0.002 -22"><span class='ocrx_word' id='word_1_155' title='bbox 674 2699 800 2768; x_wconf 24' lang='lat' dir='ltr'>‘ubi</span> <span class='ocrx_word' id='word_1_156' title='bbox 856 2699 1174 2767; x_wconf 88' lang='lat' dir='ltr'>nimirum</span> <span class='ocrx_word' id='word_1_157' title='bbox 1251 2700 1604 2788; x_wconf 88' lang='lat' dir='ltr'>prologum</span> <span class='ocrx_word' id='word_1_158' title='bbox 1680 2701 2189 2790; x_wconf 86' lang='lat' dir='ltr'>tragoediarum</span> <span class='ocrx_word' id='word_1_159' title='bbox 2264 2710 2525 2770; x_wconf 80' lang='lat' dir='ltr'>tantum</span> <span class='ocrx_word' id='word_1_160' title='bbox 2600 2720 2723 2787; x_wconf 89' lang='lat' dir='ltr'>pro</span> <span class='ocrx_word' id='word_1_161' title='bbox 2807 2698 3031 2787; x_wconf 89' lang='lat' dir='ltr'>prima</span> 
     </span>
    </p>
   </div>
   <div class='ocr_carea' id='block_1_3' title="bbox 670 2804 3034 3007">
    <p class='ocr_par' dir='ltr' id='par_1_3' title="bbox 670 2804 3029 3007">
     <span class='ocr_line' id='line_1_22' title="bbox 670 2804 3029 2897; baseline 0 -23"><span class='ocrx_word' id='word_1_162' title='bbox 670 2806 1015 2893; x_wconf 83' lang='lat' dir='ltr'>oratione,</span> <span class='ocrx_word' id='word_1_163' title='bbox 1076 2805 1251 2874; x_wconf 91' lang='lat' dir='ltr'>unde</span> <span class='ocrx_word' id='word_1_164' title='bbox 1307 2816 1370 2874; x_wconf 87' lang='lat' dir='ltr'>t1</span> <span class='ocrx_word' id='word_1_165' title='bbox 1376 2807 1702 2894; x_wconf 87' lang='lat' dir='ltr'>agoediae</span> <span class='ocrx_word' id='word_1_166' title='bbox 1769 2808 2035 2877; x_wconf 87' lang='lat' dir='ltr'>initium</span> <span class='ocrx_word' id='word_1_167' title='bbox 2104 2808 2403 2897; x_wconf 83' lang='lat' dir='ltr'>capiunt,</span> <span class='ocrx_word' id='word_1_168' title='bbox 2462 2805 2781 2876; x_wconf 90' lang='lat' dir='ltr'>habuisse</span> <span class='ocrx_word' id='word_1_169' title='bbox 2842 2804 3029 2874; x_wconf 87' lang='lat' dir='ltr'>vide·</span> 
     </span>
     <span class='ocr_line' id='line_1_23' title="bbox 679 2900 3034 3007; baseline -0.005 -27"><span class='ocrx_word' id='word_1_170' title='bbox 679 2921 835 2980; x_wconf 72' lang='lat' dir='ltr'>tur:</span> <span class='ocrx_word' id='word_1_171' title='bbox 896 2908 975 2974; x_wconf 84' lang='grc' dir='ltr'>τὸ</span> <span class='ocrx_word' id='word_1_172' title='bbox 1044 2908 1179 3001; x_wconf 75' lang='grc' dir='ltr'>ιιὲν</span> <span class='ocrx_word' id='word_1_173' title='bbox 1239 2900 1371 2973; x_wconf 75' lang='grc' dir='ltr'>οὖν</span> <span class='ocrx_word' id='word_1_174' title='bbox 1430 2909 1822 3004; x_wconf 78' lang='grc' dir='ltr'><em>προοίμιόν</em></span> <span class='ocrx_word' id='word_1_175' title='bbox 1879 2907 2080 2978; x_wconf 72' lang='grc' dir='ltr'><strong>ἐστιν</strong></span> <span class='ocrx_word' id='word_1_176' title='bbox 2137 2904 2343 3007; x_wconf 73' lang='grc' dir='ltr'>ἁρχὴ</span> <span class='ocrx_word' id='word_1_177' title='bbox 2402 2907 2659 3001; x_wconf 75' lang='grc' dir='ltr'><em>ὶόγου</em></span> <span class='ocrx_word' id='word_1_178' title='bbox 2721 2906 2898 3001; x_wconf 80' lang='grc' dir='ltr'>ὅπερ</span> <span class='ocrx_word' id='word_1_179' title='bbox 2955 2904 3034 2970; x_wconf 70' lang='grc' dir='ltr'>ἐν</span> 
     </span>
    </p>
   </div>
   <div class='ocr_carea' id='block_1_4' title="bbox 667 3011 3087 3641">
    <p class='ocr_par' dir='ltr' id='par_1_4' title="bbox 667 3011 3087 3641">
     <span class='ocr_line' id='line_1_24' title="bbox 668 3011 3087 3111; baseline 0 -34"><span class='ocrx_word' id='word_1_180' title='bbox 668 3013 970 3099; x_wconf 75' lang='grc' dir='ltr'>ποιήσει</span> <span class='ocrx_word' id='word_1_181' title='bbox 1031 3011 1408 3107; x_wconf 72' lang='grc' dir='ltr'><em>πρόλογος</em></span> <span class='ocrx_word' id='word_1_182' title='bbox 1465 3019 1587 3081; x_wconf 78' lang='grc' dir='ltr'>καὶ</span> <span class='ocrx_word' id='word_1_183' title='bbox 1648 3015 1728 3080; x_wconf 74' lang='grc' dir='ltr'>ἐν</span> <span class='ocrx_word' id='word_1_184' title='bbox 1786 3013 2091 3103; x_wconf 79' lang='grc' dir='ltr'><em>αυλήσει</em></span> <span class='ocrx_word' id='word_1_185' title='bbox 2135 3013 2547 3111; x_wconf 74' lang='grc' dir='ltr'><em>προαύλιον</em></span> <span class='ocrx_word' id='word_1_186' title='bbox 2614 3016 2858 3081; x_wconf 75' lang='grc' dir='ltr'><em>πάντα</em></span> <span class='ocrx_word' id='word_1_187' title='bbox 2896 3036 3035 3107; x_wconf 77' lang='grc' dir='ltr'>γαρ</span> <span class='ocrx_word' id='word_1_188' title='bbox 3081 3103 3087 3108; x_wconf 20' lang='lat'><strong>⁴</strong></span> 
     </span>
     <span class='ocr_line' id='line_1_25' title="bbox 668 3113 3021 3217; baseline 0.003 -31"><span class='ocrx_word' id='word_1_189' title='bbox 668 3114 914 3217; x_wconf 63' lang='grc' dir='ltr'>«ἀρχαὶ</span> <span class='ocrx_word' id='word_1_190' title='bbox 973 3113 1167 3188; x_wconf 79' lang='grc' dir='ltr'>ταῦτ’</span> <span class='ocrx_word' id='word_1_191' title='bbox 1214 3139 1349 3187; x_wconf 79' lang='grc' dir='ltr'><strong>εισι</strong></span> <span class='ocrx_word' id='word_1_192' title='bbox 1413 3176 1426 3188; x_wconf 90' lang='grc'><strong>.</strong></span> <span class='ocrx_word' id='word_1_193' title='bbox 1494 3181 1506 3193; x_wconf 89' lang='grc'><em>.</em></span> <span class='ocrx_word' id='word_1_194' title='bbox 1573 3182 1586 3194; x_wconf 91' lang='grc'><strong>.</strong></span> <span class='ocrx_word' id='word_1_195' title='bbox 1653 3182 1665 3195; x_wconf 93' lang='grc'><strong>.</strong></span> <span class='ocrx_word' id='word_1_196' title='bbox 1717 3129 1827 3212; x_wconf 85' lang='lat' dir='ltr'>,si</span> <span class='ocrx_word' id='word_1_197' title='bbox 1875 3129 2084 3198; x_wconf 84' lang='lat' dir='ltr'>verba</span> <span class='ocrx_word' id='word_1_198' title='bbox 2122 3127 2474 3215; x_wconf 84' lang='lat' dir='ltr'>sequentia</span> <span class='ocrx_word' id='word_1_199' title='bbox 2511 3146 2790 3215; x_wconf 86' lang='lat' dir='ltr'>prorsus</span> <span class='ocrx_word' id='word_1_200' title='bbox 2826 3145 3021 3213; x_wconf 86' lang='lat' dir='ltr'>prae-</span> 
     </span>
     <span class='ocr_line' id='line_1_26' title="bbox 682 3220 3030 3325; baseline -0.005 -25"><span class='ocrx_word' id='word_1_201' title='bbox 682 3232 1227 3300; x_wconf 86' lang='lat' dir='ltr'>termiterentur:</span> <span class='ocrx_word' id='word_1_202' title='bbox 1306 3225 1451 3294; x_wconf 74' lang='grc' dir='ltr'>κᾶν</span> <span class='ocrx_word' id='word_1_203' title='bbox 1525 3225 1626 3322; x_wconf 74' lang='grc' dir='ltr'>μὴ</span> <span class='ocrx_word' id='word_1_204' title='bbox 1684 3225 1893 3303; x_wconf 78' lang='grc' dir='ltr'>εὐθὺς</span> <span class='ocrx_word' id='word_1_205' title='bbox 1950 3229 2190 3325; x_wconf 80' lang='grc' dir='ltr'><em>ὥσπερ</em></span> <span class='ocrx_word' id='word_1_206' title='bbox 2246 3224 2685 3323; x_wconf 75' lang='grc' dir='ltr'>Εὐριπίδης·</span> <span class='ocrx_word' id='word_1_207' title='bbox 2728 3220 2902 3293; x_wconf 82' lang='grc' dir='ltr'><em>ἀλλ’</em></span> <span class='ocrx_word' id='word_1_208' title='bbox 2950 3223 3030 3290; x_wconf 77' lang='grc' dir='ltr'>ἐν</span> 
     </span>
     <span class='ocr_line' id='line_1_27' title="bbox 667 3328 2994 3432; baseline 0.002 -32"><span class='ocrx_word' id='word_1_209' title='bbox 667 3358 778 3400; x_wconf 66' lang='lat' dir='ltr'>:tm</span> <span class='ocrx_word' id='word_1_210' title='bbox 835 3328 1182 3428; x_wconf 71' lang='grc' dir='ltr'><em>προλόγ)</em></span> <span class='ocrx_word' id='word_1_211' title='bbox 1241 3332 1325 3425; x_wconf 77' lang='grc' dir='ltr'>γέ</span> <span class='ocrx_word' id='word_1_212' title='bbox 1381 3352 1521 3403; x_wconf 80' lang='grc' dir='ltr'>που</span> <span class='ocrx_word' id='word_1_213' title='bbox 1580 3332 1671 3420; x_wconf 78' lang='grc' dir='ltr'>δη</span> <span class='ocrx_word' id='word_1_214' title='bbox 1678 3332 1821 3427; x_wconf 77' lang='grc' dir='ltr'>λοῑ,</span> <span class='ocrx_word' id='word_1_215' title='bbox 1882 3336 2123 3432; x_wconf 80' lang='grc' dir='ltr'><em>ὥσπερ</em></span> <span class='ocrx_word' id='word_1_216' title='bbox 2169 3338 2291 3404; x_wconf 74' lang='grc' dir='ltr'>καὶ</span> <span class='ocrx_word' id='word_1_217' title='bbox 2354 3330 2758 3430; x_wconf 76' lang='grc' dir='ltr'><em>Σοφοκλῆς</em></span> <span class='ocrx_word' id='word_1_218' title='bbox 2822 3393 2833 3405; x_wconf 96' lang='grc'><strong>.</strong></span> <span class='ocrx_word' id='word_1_219' title='bbox 2901 3393 2913 3404; x_wconf 95' lang='grc'><strong>.</strong></span> <span class='ocrx_word' id='word_1_220' title='bbox 2981 3392 2994 3404; x_wconf 95' lang='grc'><strong>.</strong></span> 
     </span>
     <span class='ocr_line' id='line_1_28' title="bbox 670 3437 3030 3536; baseline -0.001 -23.991"><span class='ocrx_word' id='word_1_221' title='bbox 670 3444 927 3532; x_wconf 87' lang='lat' dir='ltr'>quibus</span> <span class='ocrx_word' id='word_1_222' title='bbox 985 3437 1352 3530; x_wconf 82' lang='lat' dir='ltr'>disclimen</span> <span class='ocrx_word' id='word_1_223' title='bbox 1411 3447 1590 3516; x_wconf 90' lang='lat' dir='ltr'>inter</span> <span class='ocrx_word' id='word_1_224' title='bbox 1635 3446 1993 3536; x_wconf 91' lang='lat' dir='ltr'>prologum</span> <span class='ocrx_word' id='word_1_225' title='bbox 2030 3448 2385 3535; x_wconf 88' lang='lat' dir='ltr'>vulgarem</span> <span class='ocrx_word' id='word_1_226' title='bbox 2416 3455 2481 3515; x_wconf 88' lang='lat' dir='ltr'>et</span> <span class='ocrx_word' id='word_1_227' title='bbox 2518 3411 3030 3515; x_wconf 83' lang='lat' dir='ltr'>Aristotelicum</span> 
     </span>
     <span class='ocr_line' id='line_1_29' title="bbox 686 3543 1906 3641; baseline 0.002 -22"><span class='ocrx_word' id='word_1_228' title='bbox 686 3552 866 3621; x_wconf 80' lang='lat' dir='ltr'>lutei</span> <span class='ocrx_word' id='word_1_229' title='bbox 870 3550 1117 3621; x_wconf 83' lang='lat' dir='ltr'>cedens</span> <span class='ocrx_word' id='word_1_230' title='bbox 1175 3551 1415 3622; x_wconf 89' lang='lat' dir='ltr'>leviter</span> <span class='ocrx_word' id='word_1_231' title='bbox 1480 3543 1906 3641; x_wconf 73' lang='lat' dir='ltr'>tangitur24)</span> 
     </span>
    </p>
   </div>
   <div class='ocr_carea' id='block_1_5' title="bbox 685 3685 1000 3693">
    <p class='ocr_par' dir='ltr' id='par_1_5' title="bbox 685 3685 1000 3693">
     <span class='ocr_line' id='line_1_30' title="bbox 685 3685 1000 3693; baseline 0 0"><span class='ocrx_word' id='word_1_232' title='bbox 685 3685 1000 3693; x_wconf 95' lang='lat' dir='ltr'> </span> 
     </span>
    </p>
   </div>
   <div class='ocr_carea' id='block_1_6' title="bbox 1010 3686 1322 3694">
    <p class='ocr_par' dir='ltr' id='par_1_6' title="bbox 1010 3686 1322 3694">
     <span class='ocr_line' id='line_1_31' title="bbox 1010 3686 1322 3694; baseline 0 0"><span class='ocrx_word' id='word_1_233' title='bbox 1010 3686 1322 3694; x_wconf 95' lang='lat' dir='ltr'> </span> 
     </span>
    </p>
   </div>
   <div class='ocr_carea' id='block_1_7' title="bbox 901 3740 2219 3822">
    <p class='ocr_par' dir='ltr' id='par_1_7' title="bbox 901 3740 2219 3822">
     <span class='ocr_line' id='line_1_32' title="bbox 901 3740 2219 3822; baseline -0.005 -15"><span class='ocrx_word' id='word_1_234' title='bbox 901 3741 981 3820; x_wconf 63' lang='lat'>2¹)</span> <span class='ocrx_word' id='word_1_235' title='bbox 1030 3741 1129 3806; x_wconf 78' lang='lat' dir='ltr'>Sic</span> <span class='ocrx_word' id='word_1_236' title='bbox 1175 3742 1323 3821; x_wconf 85' lang='lat' dir='ltr'>Leo,</span> <span class='ocrx_word' id='word_1_237' title='bbox 1376 3742 1563 3806; x_wconf 81' lang='lat' dir='ltr'>Plaut</span> <span class='ocrx_word' id='word_1_238' title='bbox 1629 3742 1907 3819; x_wconf 65' lang='lat' dir='ltr'>Forseh„</span> <span class='ocrx_word' id='word_1_239' title='bbox 1958 3761 2020 3822; x_wconf 85' lang='lat' dir='ltr'>p.</span> <span class='ocrx_word' id='word_1_240' title='bbox 2079 3740 2219 3802; x_wconf 87' lang='lat'>171.</span> 
     </span>
    </p>
   </div>
   <div class='ocr_carea' id='block_1_8' title="bbox 664 3843 3050 4286">
    <p class='ocr_par' dir='ltr' id='par_1_8' title="bbox 664 3843 3050 4286">
     <span class='ocr_line' id='line_1_33' title="bbox 898 3843 3028 3931; baseline -0.003 -16"><span class='ocrx_word' id='word_1_241' title='bbox 898 3849 975 3924; x_wconf 75' lang='lat'>¹²)</span> <span class='ocrx_word' id='word_1_242' title='bbox 1026 3853 1123 3916; x_wconf 83' lang='lat' dir='ltr'>lta</span> <span class='ocrx_word' id='word_1_243' title='bbox 1173 3850 1236 3912; x_wconf 91' lang='lat' dir='ltr'>in</span> <span class='ocrx_word' id='word_1_244' title='bbox 1284 3848 1493 3931; x_wconf 82' lang='lat' dir='ltr'>Iphig.</span> <span class='ocrx_word' id='word_1_245' title='bbox 1537 3850 1723 3913; x_wconf 77' lang='lat' dir='ltr'>Taur.</span> <span class='ocrx_word' id='word_1_246' title='bbox 1775 3868 1812 3912; x_wconf 86' lang='lat' dir='ltr'>e</span> <span class='ocrx_word' id='word_1_247' title='bbox 1858 3850 2173 3913; x_wconf 82' lang='lat' dir='ltr'>sententia</span> <span class='ocrx_word' id='word_1_248' title='bbox 2221 3847 2541 3930; x_wconf 88' lang='lat' dir='ltr'>Aristoph</span> <span class='ocrx_word' id='word_1_249' title='bbox 2591 3847 2803 3911; x_wconf 79' lang='lat' dir='ltr'>Gram.</span> <span class='ocrx_word' id='word_1_250' title='bbox 2845 3843 3028 3920; x_wconf 70' lang='grc' dir='ltr'>(προ</span> 
     </span>
     <span class='ocr_line' id='line_1_34' title="bbox 669 3927 3050 4020; baseline -0.002 -24"><span class='ocrx_word' id='word_1_251' title='bbox 669 3927 927 4014; x_wconf 60' lang='grc' dir='ltr'>,λογιζει</span> <span class='ocrx_word' id='word_1_252' title='bbox 980 3939 1175 4017; x_wconf 54' lang='lat' dir='ltr'>now)</span> <span class='ocrx_word' id='word_1_253' title='bbox 1223 3958 1338 4020; x_wconf 89' lang='lat' dir='ltr'>pro</span> <span class='ocrx_word' id='word_1_254' title='bbox 1386 3938 1641 4020; x_wconf 69' lang='lat' dir='ltr'>prologo</span> <span class='ocrx_word' id='word_1_255' title='bbox 1686 3939 1891 4020; x_wconf 87' lang='lat' dir='ltr'>prima</span> <span class='ocrx_word' id='word_1_256' title='bbox 1937 3939 2141 4003; x_wconf 76' lang='lat' dir='ltr'>oratio</span> <span class='ocrx_word' id='word_1_257' title='bbox 2206 3937 2576 4019; x_wconf 78' lang='lat' dir='ltr'>tragoediae</span> <span class='ocrx_word' id='word_1_258' title='bbox 2622 3935 2688 3999; x_wconf 93' lang='lat' dir='ltr'>id</span> <span class='ocrx_word' id='word_1_259' title='bbox 2735 3937 2835 3998; x_wconf 85' lang='lat' dir='ltr'>est</span> <span class='ocrx_word' id='word_1_260' title='bbox 2881 3932 3027 3997; x_wconf 83' lang='lat' dir='ltr'>soli·</span> <span class='ocrx_word' id='word_1_261' title='bbox 3043 3987 3050 3992; x_wconf 89' lang='lat'><strong>.</strong></span> 
     </span>
     <span class='ocr_line' id='line_1_35' title="bbox 683 4022 3031 4109; baseline -0.003 -19"><span class='ocrx_word' id='word_1_262' title='bbox 683 4027 960 4107; x_wconf 91' lang='lat' dir='ltr'>loquium</span> <span class='ocrx_word' id='word_1_263' title='bbox 1006 4026 1210 4109; x_wconf 86' lang='lat' dir='ltr'>Iphig</span> <span class='ocrx_word' id='word_1_264' title='bbox 1266 4031 1376 4089; x_wconf 86' lang='lat'>1-—</span> <span class='ocrx_word' id='word_1_265' title='bbox 1397 4025 1480 4091; x_wconf 72' lang='lat'>66</span> <span class='ocrx_word' id='word_1_266' title='bbox 1555 4028 1846 4092; x_wconf 73' lang='lat' dir='ltr'>habendi</span> <span class='ocrx_word' id='word_1_267' title='bbox 1892 4033 2013 4092; x_wconf 83' lang='lat' dir='ltr'>est.</span> <span class='ocrx_word' id='word_1_268' title='bbox 2062 4027 2291 4092; x_wconf 82' lang='lat' dir='ltr'>Contra</span> <span class='ocrx_word' id='word_1_269' title='bbox 2344 4045 2418 4090; x_wconf 86' lang='lat' dir='ltr'>ex</span> <span class='ocrx_word' id='word_1_270' title='bbox 2468 4024 2840 4088; x_wconf 84' lang='lat' dir='ltr'>definitione</span> <span class='ocrx_word' id='word_1_271' title='bbox 2870 4022 3031 4085; x_wconf 88' lang='lat' dir='ltr'>Ari·</span> 
     </span>
     <span class='ocr_line' id='line_1_36' title="bbox 670 4110 2996 4196; baseline -0.003 -17"><span class='ocrx_word' id='word_1_272' title='bbox 670 4117 972 4181; x_wconf 80' lang='lat' dir='ltr'>stoteliea</span> <span class='ocrx_word' id='word_1_273' title='bbox 1021 4119 1103 4182; x_wconf 88' lang='lat' dir='ltr'>ad</span> <span class='ocrx_word' id='word_1_274' title='bbox 1154 4117 1477 4196; x_wconf 65' lang='lat' dir='ltr'>{rologum</span> <span class='ocrx_word' id='word_1_275' title='bbox 1523 4135 1644 4179; x_wconf 90' lang='lat' dir='ltr'>non</span> <span class='ocrx_word' id='word_1_276' title='bbox 1693 4117 1895 4180; x_wconf 67' lang='lat' dir='ltr'>salum</span> <span class='ocrx_word' id='word_1_277' title='bbox 1922 4116 1987 4179; x_wconf 93' lang='lat' dir='ltr'>id</span> <span class='ocrx_word' id='word_1_278' title='bbox 2041 4115 2448 4196; x_wconf 77' lang='lat' dir='ltr'>colloquium.</span> <span class='ocrx_word' id='word_1_279' title='bbox 2497 4113 2608 4181; x_wconf 84' lang='lat' dir='ltr'>sed</span> <span class='ocrx_word' id='word_1_280' title='bbox 2656 4112 2849 4177; x_wconf 76' lang='lat' dir='ltr'>etiam</span> <span class='ocrx_word' id='word_1_281' title='bbox 2901 4110 2996 4174; x_wconf 79' lang='lat' dir='ltr'>‹ol</span> 
     </span>
     <span class='ocr_line' id='line_1_37' title="bbox 664 4201 2379 4286; baseline 0 -19"><span class='ocrx_word' id='word_1_282' title='bbox 664 4204 957 4285; x_wconf 72' lang='lat' dir='ltr'>loquium</span> <span class='ocrx_word' id='word_1_283' title='bbox 1004 4206 1252 4270; x_wconf 82' lang='lat' dir='ltr'>Orestis</span> <span class='ocrx_word' id='word_1_284' title='bbox 1304 4224 1443 4268; x_wconf 84' lang='lat' dir='ltr'>cum</span> <span class='ocrx_word' id='word_1_285' title='bbox 1492 4205 1726 4286; x_wconf 74' lang='lat' dir='ltr'>Pylade</span> <span class='ocrx_word' id='word_1_286' title='bbox 1774 4201 1857 4264; x_wconf 79' lang='lat'>67</span> <span class='ocrx_word' id='word_1_287' title='bbox 1912 4201 2081 4264; x_wconf 54' lang='lat'>422</span> <span class='ocrx_word' id='word_1_288' title='bbox 2130 4202 2379 4284; x_wconf 78' lang='lat' dir='ltr'>spectat</span> 
     </span>
    </p>
   </div>
   <div class='ocr_carea' id='block_1_9' title="bbox 896 4310 3036 4499">
    <p class='ocr_par' dir='ltr' id='par_1_9' title="bbox 896 4310 3036 4499">
     <span class='ocr_line' id='line_1_38' title="bbox 896 4310 1613 4391; baseline -0.017 -13"><span class='ocrx_word' id='word_1_289' title='bbox 896 4310 977 4391; x_wconf 73' lang='lat'>²²³)</span> <span class='ocrx_word' id='word_1_290' title='bbox 1025 4312 1118 4379; x_wconf 82' lang='lat' dir='ltr'>Cf.</span> <span class='ocrx_word' id='word_1_291' title='bbox 1171 4313 1297 4376; x_wconf 87' lang='lat' dir='ltr'>Leo</span> <span class='ocrx_word' id='word_1_292' title='bbox 1347 4330 1404 4391; x_wconf 89' lang='lat' dir='ltr'>p.</span> <span class='ocrx_word' id='word_1_293' title='bbox 1465 4311 1613 4372; x_wconf 66' lang='lat'>172.</span> 
     </span>
     <span class='ocr_line' id='line_1_39' title="bbox 900 4413 3036 4499; baseline -0.004 -15"><span class='ocrx_word' id='word_1_294' title='bbox 900 4416 979 4499; x_wconf 67' lang='grc'>24&gt;</span> <span class='ocrx_word' id='word_1_295' title='bbox 1028 4421 1199 4484; x_wconf 73' lang='lat' dir='ltr'>Haec</span> <span class='ocrx_word' id='word_1_296' title='bbox 1247 4424 1348 4483; x_wconf 84' lang='lat' dir='ltr'>est</span> <span class='ocrx_word' id='word_1_297' title='bbox 1395 4418 1711 4483; x_wconf 84' lang='lat' dir='ltr'>sententia</span> <span class='ocrx_word' id='word_1_298' title='bbox 1758 4418 2007 4493; x_wconf 86' lang='lat' dir='ltr'>Leonis,</span> <span class='ocrx_word' id='word_1_299' title='bbox 2060 4416 2246 4482; x_wconf 81' lang='lat' dir='ltr'>Plaut</span> <span class='ocrx_word' id='word_1_300' title='bbox 2314 4415 2568 4481; x_wconf 74' lang='lat' dir='ltr'>Forsrh.</span> <span class='ocrx_word' id='word_1_301' title='bbox 2620 4415 2837 4480; x_wconf 76' lang='lat' dir='ltr'>adnot.</span> <span class='ocrx_word' id='word_1_302' title='bbox 2869 4413 2929 4490; x_wconf 74' lang='grc'>2,</span> <span class='ocrx_word' id='word_1_303' title='bbox 2969 4420 3036 4493; x_wconf 67' lang='lat' dir='ltr'>ps</span> 
     </span>
    </p>
   </div>
   <div class='ocr_carea' id='block_1_10' title="bbox 3361 0 3366 525">
    <p class='ocr_par' dir='ltr' id='par_1_10' title="bbox 3361 0 3366 525">
     <span class='ocr_line' id='line_1_40' title="bbox 3361 0 3366 525; baseline 0 0"><span class='ocrx_word' id='word_1_304' title='bbox 3361 0 3366 525; x_wconf 95' lang='lat' dir='ltr'> </span> 
     </span>
    </p>
   </div>
   <div class='ocr_carea' id='block_1_11' title="bbox 3360 2294 3367 2971">
    <p class='ocr_par' dir='ltr' id='par_1_11' title="bbox 3360 2294 3367 2971">
     <span class='ocr_line' id='line_1_41' title="bbox 3360 2294 3367 2971; baseline 0 0"><span class='ocrx_word' id='word_1_305' title='bbox 3360 2294 3367 2971; x_wconf 95' lang='lat' dir='ltr'> </span> 
     </span>
    </p>
   </div>
   <div class='ocr_carea' id='block_1_12' title="bbox 3355 3378 3372 5298">
    <p class='ocr_par' dir='ltr' id='par_1_12' title="bbox 3355 3378 3372 5298">
     <span class='ocr_line' id='line_1_42' title="bbox 3355 3378 3372 5298; baseline 0 0"><span class='ocrx_word' id='word_1_306' title='bbox 3355 3378 3372 5298; x_wconf 95' lang='lat' dir='ltr'> </span> 
     </span>
    </p>
   </div>
  </div>
 </body>
</html>
