3417 5384
718 407 766 512 ,ὅ

941 625 1011 710 7)
1068 628 1483 716 Ascherson,
1550 627 1862 700 Umrisse
1937 629 2059 699 der
2135 627 2559 718 Gliederung
2626 628 2745 700 des
2800 629 3079 718 griech..

719 737 1064 825 Drama’S,
1106 730 1576 806 Fleckeisen's
1606 734 1653 805 J
1657 736 2051 806 ahrbucher
2081 734 2192 805 fur
2218 736 2431 807 klass.
2466 735 2743 825 Philol.,
2780 735 3077 826 Supplb..

719 840 768 907 4
819 835 1327 932 (1861—67),
1383 864 1451 932 p.
1516 837 1962 932 435—448‚
2038 841 2215 931 quod
2290 844 2618 932 scriptum
2673 844 3067 914 testimonia.

720 949 1339 1022 Grammaticorum
1397 949 1485 1020 ad
1541 949 1898 1021 Stasimum
1953 959 2022 1020 et
2076 949 2365 1020 exodum
2403 949 2815 1039 pertinentia
2857 951 2944 1020 ab
2985 971 3080 1021 eo

719 1057 868 1128 dilli
877 1065 1116 1145 genter
1171 1056 1460 1126 collecta
1516 1076 1598 1126 ac
1652 1056 2012 1147 perspicue
2068 1055 2401 1146 disposita
2454 1055 2762 1146 praebet.

937 1159 1013 1242 8)
1055 1161 1555 1254 MyriantheuS‚
1597 1163 1709 1234 die
1748 1160 2252 1234 Marschlieder
2298 1163 2418 1234 des
2472 1162 2730 1252 griech.
2774 1162 3074 1251 Drama,

580 1360 585 1365 .
717 1269 1078 1358 Muncher,
1152 1263 1371 1358 1873,
1422 1291 1489 1359 p.
1538 1263 1660 1352 20,
1727 1264 1845 1359 76,
1900 1263 2335 1359 lli—122,
2405 1264 2842 1349 140—141‚
2902 1291 3063 1359 quo—

717 1399 868 1446 rum
925 1376 1228 1447 locorum
1284 1376 1389 1447 vis
1445 1376 1518 1445 in
1557 1377 1795 1464 exodo,
1855 1377 2137 1466 parodo,
2198 1376 2526 1466 episodiO,
2588 1376 2867 1447 stasimo
2924 1375 3077 1446 dis--

717 1486 930 1555 tincte
988 1481 1398 1554 definiendis
1465 1483 1861 1555 ostenditur.

740 1638 745 1641 ⁴
935 1582 1012 1674 9)
1073 1587 1422 1661 Christian
1505 1588 1697 1670 Mun,
1776 1590 1887 1660 die
1961 1589 2319 1661 chorische
2401 1589 2710 1661 Technik
2767 1588 2888 1660 des
2942 1589 3074 1661 So-

715 1697 1018 1787 phocleS,
1096 1696 1302 1767 Halle
1373 1691 1599 1785 1877,
1675 1696 1794 1766 ubi
1871 1719 1934 1786 p.
2019 1691 2115 1761 40
2175 1697 2283 1767 vir
2358 1697 2594 1767 doctus
2661 1696 2920 1784 aliquid
2977 1696 3077 1767 de-

721 1804 965 1875 commi
1034 1811 1281 1874 natura
1341 1824 1421 1874 ac
1478 1802 1871 1893 significatu
1928 1812 2112 1874 recte
2168 1803 2674 1874 animadvertit.

948 1906 1071 1997 lo)
1129 1908 1241 1978 W.
1305 1909 1560 2000 Christ,
1621 1910 1733 1981 die
1788 1909 2079 1999 Teilung
2133 1909 2252 1980 des
2310 1909 2530 1981 Chors
2587 1911 2681 1981 im
2730 1910 3076 1980 attischen

718 2016 1005 2098 Drama,
1064 2016 1247 2086 Abh.
1309 2017 1431 2087 dei
1485 2017 1721 2107 bayer.
1782 2017 1916 2086 Ak.
1991 2012 2213 2106 1878,
2270 2018 2458 2088 cuius
2508 2017 2746 2106 scripti
2801 2014 3074 2107 pondus.

720 2123 1084 2214 praecipue
1140 2124 1230 2194 ad
1285 2126 1640 2214 rationem,
1700 2146 1836 2212 qua
1894 2125 2173 2195 chorica
2221 2125 2293 2194 in
2349 2124 2736 2193 universum
2778 2144 2819 2192 a
2860 2122 3078 2194 choro

724 2229 1175 2301 cantabantur
1229 2232 1337 2300 vel
1394 2232 1798 2320 agebantur,
1858 2232 2174 2320 pertinet.
2234 2229 2337 2301 cf.
2396 2252 2464 2320 p.
2531 2224 2706 2311 203,
2772 2224 2951 2295 210.

943 2330 1068 2407 111
1126 2337 1209 2406 Ε.
1269 2337 1518 2427 Hiller,
1576 2337 1904 2427 Beitrage
1958 2359 2079 2408 zur
2118 2335 2393 2408 Griech.
2446 2336 3069 2425 Litteraturgesch..

729 2439 799 2515 2.
857 2444 959 2514 Zu
1015 2444 1145 2515 den
1200 2444 1675 2515 Nachrichten
1752 2446 1917 2516 uber
1974 2443 2087 2515 die
2162 2444 2323 2514 Anf.
2385 2444 2506 2514 der
2561 2443 2768 2531 Trag.
2827 2442 2914 2511 N.
2976 2441 3073 2511 R..

722 2550 820 2620 M.
884 2544 1006 2640 35,
1065 2572 1132 2640 p.
1197 2544 1641 2641 321—338,
1717 2553 1790 2622 in
1863 2573 1997 2641 qua
2053 2552 2361 2644 symbola
2417 2551 2525 2620 vir
2581 2550 2815 2620 doctus
2870 2549 3065 2619 testi·

720 2658 949 2728 monia.
998 2656 1084 2728 ad
1139 2658 1519 2748 primordia
1593 2658 2101 2749 tragoediarum
2159 2658 2539 2748 spectantia
2596 2655 2889 2728 strictim
2937 2675 3078 2751 *ex*

721 2767 987 2833 minare
1040 2764 1173 2835 sibi
1236 2767 1614 2855 proposuit.

936 2958 1442 3049 Jmpedimento
1506 2961 1730 3049 potius
1804 2980 2006 3048 quam
2088 2958 2536 3028 emolumento
2592 2957 2764 3028 haec
2810 2956 3068 3049 scripta

722 3066 893 3139 mihi
951 3075 1186 3137 erant:

947 3169 1019 3245 1)
1078 3173 1203 3242 Th.
1262 3173 1482 3261 Koch,
1514 3171 1775 3243 ‘Ueber
1830 3171 1942 3241 die
2000 3171 2306 3243 Parodos
2355 3172 2477 3241 der
2515 3168 2777 3260 griech.
2828 3166 3076 3255 Trag.,.

721 3280 816 3349 im
887 3279 1183 3368 Allgem.
1243 3302 1285 3350 u
1343 3279 1452 3350 (116
1491 3280 1610 3351 des
1648 3277 1797 3352 Oed
1835 3278 1907 3349 in
1947 3277 2091 3349 Col.
2134 3279 2230 3348 im
2268 3277 2557 3349 Besond.
2602 3276 2784 3346 Berl.
2842 3268 3078 3362 1854,

723 3407 791 3476 p.
861 3380 1086 3475 1—-5,
1145 3387 1388 3474 quibus
1442 3386 1557 3457 hic
1610 3386 1722 3455 vir
1775 3385 2012 3457 doctus
2048 3384 2133 3457 ob
2190 3384 2623 3456 desmitiones
2680 3380 2943 3473 prologi
3001 3387 3069 3450 et

714 3491 990 3582 paredi,
1050 3514 1220 3582 quas
1276 3494 1349 3564 in
1405 3492 1480 3564 C.
1545 3487 1637 3557 12
1683 3493 1765 3562 A.
1808 3491 1887 3561 P.
1948 3494 2347 3582 reperimus,
2391 3491 2560 3561 illud
2615 3499 2827 3560 totum
2866 3486 3069 3557 Aris-

723 3599 916 3671 toteli
972 3599 1370 3672 abiudicare
1424 3588 1732 3682 tendit.7)

923 3701 1021 3792 ’2)
1080 3707 1160 3777 1..
1222 3706 1551 3796 Schmibt,
1630 3706 1830 3778 Nach
1905 3708 2158 3778 einmal
2233 3706 2355 3776 des
2439 3698 2634 3773 12-te
2708 3701 2890 3772 C-tel
2946 3702 3072 3771 der

724 3812 1011 3885 Aristot.
1091 3813 1355 3904 Poetik,
1432 3809 1900 3885 Fleckeisen’s
1986 3813 2232 3884 Jahrb.
2328 3810 2439 3881 fur
2535 3811 2747 3882 klass
2854 3808 3076 3897 Phil,

734 3914 958 4003 1857,
1016 3942 1084 4010 p.
1154 3915 1592 4010 713--725,
1671 3923 1747 3991 111
1816 3942 1955 4009 qua
2010 3919 2575 3992 commentatione
2643 3917 2857 3987 multa
2913 3935 3066 4015 per-

725 4046 920 4098 verse
976 4028 1346 4118 explanata
1401 4049 1549 4101 esse
1604 4029 1742 4099 iam
1801 4050 1885 4100 ex
1940 4027 2369 4117 explicatone
2434 4022 2720 4113 episodi.
2783 4045 2849 4113 p.
2918 4019 2950 4084 7
2970 4015 3059 4091 71

725 4142 793 4204 et
845 4134 1205 4207 verborum
1261 4121 1473 4201 κοινὰ
1528 4132 1662 4227 μὲν
1721 4136 1845 4205 ἀπ.
1905 4156 1972 4224 p.
2040 4126 2452 4204 734--725
2515 4139 2822 4220 apparet.

943 4285 995 4367 ⁷)
1041 4291 1138 4354 De
1183 4291 1448 4364 ratione,
1496 4307 1659 4368 quae
1704 4289 1874 4353 inter
1919 4287 1994 4353 C:
2025 4288 2102 4351 12
2135 4292 2203 4351 et
2248 4285 2440 4350 finem
2472 4283 2538 4350 C.
2585 4283 2667 4347 18
2713 4280 3083 4359 intercedit„

728 4376 940 4442 confer
988 4379 1252 4454 Vahlen,
1301 4378 1654 4458 Sitzungsb.
1689 4378 1804 4441 der
1834 4376 2093 4441 Wiener
2135 4374 2501 4450 Akademie,
2533 4373 2651 4438 vol.
2685 4368 2792 4447 52,
2826 4392 2884 4453 p.
2923 4368 3079 4435 150.
