3417 5384
2748 474 2842 560 99

503 705 597 795 (r.
660 705 1056 795 sis—150)
1115 720 1524 782 momentum
1583 710 1872 783 actionis
1926 709 2301 782 nectendae
2376 710 2684 800 praebet.
2764 709 2845 778 In

501 819 742 891 ceteris
801 818 1095 908 quinque
1152 818 1474 909 prologis·
1514 809 1785 907 (70⁰s0)
1824 825 2087 889 tantum
2138 818 2471 909 expositio
2508 817 2847 906 reperitur

496 938 715 1015 neque
771 926 954 997 intra
1011 947 1124 997 eos
1181 934 1394 997 status
1448 922 1842 1015 primarius,
1904 946 2102 1013 quem
2178 925 2540 1015 tragoedia
2625 924 2843 1014 ponit,

500 1042 973 1105 commutatur.
1037 1032 1218 1104 Nam
1274 1054 1357 1104 ea
1415 1033 1615 1116 actio,
1674 1053 1849 1121 quae
1905 1033 1982 1102 in
2032 1032 2328 1104 nonullis
2376 1033 2545 1104 locis
2601 1031 2844 1102 horum

498 1142 932 1231 prologorum
989 1140 1285 1211 inveniri
1341 1149 1584 1230 potest,
1643 1148 2059 1211 momentum
2115 1140 2402 1210 actionis
2467 1138 2842 1210 nectendae

495 1269 712 1339 neque
767 1234 1084 1338 proponit
1138 1268 1354 1336 neque
1411 1255 1804 1338 praeparat,
1864 1246 1983 1317 sed
2039 1255 2300 1317 tantum
2357 1246 2447 1318 ad
2506 1245 2842 1318 actionem

497 1354 770 1427 fabulae
823 1356 896 1424 in
951 1355 1342 1426 universum
1401 1352 1952 1444 praeparandam
2007 1352 2212 1424 valet.
2303 1350 2437 1425 Sed
2520 1353 2841 1442 quoniam

462 1456 465 1457 ⁷
496 1463 929 1552 prologorum
968 1460 1497 1551 Sophocleorum
1534 1462 1640 1532 vis
1679 1461 2062 1532 dramatica
2099 1482 2233 1530 non
2274 1461 2439 1532 satis
2475 1469 2840 1551 perspecta

498 1579 619 1660 est,
696 1590 833 1640 non
878 1568 1320 1659 ‘superfluum
1395 1569 1547 1658 erit,
1626 1569 1685 1638 si
1760 1567 2053 1657 singula,
2133 1588 2309 1657 quae
2383 1569 2456 1638 in
2529 1569 2615 1638 iis
2691 1589 2840 1640 cum

498 1677 763 1747 actione
820 1676 1177 1748 coniuncta
1235 1698 1382 1747 esse
1439 1676 1778 1766 videntur,
1866 1676 2156 1746 strictim
2239 1674 2832 1765 pertractabimus,

496 1783 600 1877 Ac
657 1785 952 1874 primum
1009 1783 1281 1873 quidem
1337 1782 1408 1853 in'
1463 1783 1680 1855 Aiace
1743 1778 2132 1871 91-117,
2191 1783 2263 1851 in
2338 1783 2584 1871 quibus
2660 1783 2840 1853 actio

498 1892 719 1963 inesse
774 1890 1067 1981 videtur,
1126 1891 1300 1961 nihil
1358 1890 1543 1961 aliud
1601 1899 1777 1980 sunt,
1837 1890 1970 1960 nisi
2027 1890 2397 1960 illustratio
2455 1890 2839 1960 dramatica

499 2003 641 2063 τῶν
729 1995 1432 2090 προπεπραγμένων,
1519 2019 1692 2086 quae
1767 2005 2010 2068 cuncta
2040 2018 2102 2066 -e
2159 1997 2491 2085 colloquio
2567 2005 2877 2068 antece-‘

496 2105 696 2177 dente
754 2128 819 2176 v.
888 2100 1141 2172 1-90
1202 2113 1546 2196 comperta
1600 2105 1949 2176 habemus.
1987 2103 2275 2186 Deinde,
2317 2104 2497 2193 quod
2534 2104 2658 2176 sub
2706 2104 2839 2175 fine

494 2214 760 2304 prologi
816 2210 1067 2287 Trach.
1130 2234 1196 2282 v.
1288 2209 1328 2277 6
1353 2205 1599 2281 1-.-93
1682 2211 2016 2282 Deianira
2095 2211 2310 2281 filium
2394 2211 2482 2282 ad
2574 2219 2838 2302 patrem

493 2319 952 2410 quaerendum
1009 2318 1268 2391 famula
1324 2320 1715 2393 consulente.
1769 2319 2083 2409 impellit,
2143 2318 2215 2388 id
2271 2317 2631 2393 manifesto
2686 2328 2836 2389 tan-

493 2437 634 2498 tum
692 2427 944 2499 actioni
1002 2426 1276 2497 fabulae
1351 2428 1422 2497 in
1481 2427 1872 2498 universum
1946 2426 2468 2516 praeparandae
2552 2427 2839 2497 inservit

488 2556 707 2623 neque
733 2556 812 2605 eo
842 2536 1063 2624 ipsum
1092 2543 1500 2605 momentum
1533 2534 1821 2605 actionis
1850 2534 2227 2604 nectendae
2255 2528 2349 2618 (v.
2391 2527 2838 2616 179—204)

495 2644 821 2732 tangitur.
910 2641 1199 2712 Accedit
1279 2641 1680 2712 Philoctetis
1763 2641 2109 2730 prologus),
2196 2640 2311 2710 ubi
2395 2663 2459 2710 v.
2526 2635 2621 2704 55
2693 2659 2832 2728 seq.

371 2795 382 2802 ·
495 2771 646 2822 cum
700 2750 972 2820 actione
1030 2749 1420 2820 coniunctos
1477 2770 1623 2820 esse
1678 2748 2019 2838 quispiam
2074 2746 2308 2818 forsan
2365 2746 2860 2835 affirmaverit„

476 2859 654 2945 ,quia
708 2857 805 2927 ibi
860 2854 1099 2929 Ulixes
1156 2856 1596 2946 Neoptolemo
1652 2855 2066 2946 persuadere
2149 2853 2438 2943 videtur,
2526 2864 2598 2924 ut
2681 2854 2835 2925 dolo

491 2967 563 3034 in
619 2964 1067 3035 Philoctetem
1125 2972 1371 3035 utatur.
1429 2963 1685 3041 Tamen
1770 2964 1941 3034 haec
1997 2972 2260 3033 tantum
2318 2961 2406 3031 ad
2461 2948 2638 3045 ἦθος
2695 2961 2831 3032 Ne·

489 3073 808 3160 optolemi
868 3080 934 3141 et
988 3070 1240 3154 Ulixis,
1302 3093 1344 3141 a
1398 3070 1640 3161 quibus
1696 3078 1837 3141 tota
1895 3071 2075 3141 actio
2132 3069 2415 3159 regitur,
2451 3068 2834 3160 percipien-

490 3179 646 3248 dum
706 3188 907 3266 atque
965 3178 1447 3249 illustrandum
1486 3179 1797 3248 instituta
1838 3185 2011 3248 sunt.
2056 3176 2368 3266 Denique
2406 3177 2477 3246 in
2515 3176 2837 3248 Electrae
2889 3230 2894 3237 -

485 3286 768 3376 prologo
808 3309 874 3355 v.
922 3280 1018 3350 38
1059 3307 1237 3375 ·seq.‚
1302 3278 1638 3374 80—85,
1699 3305 2110 3375 quamquam
2167 3281 2317 3355 cum
2356 3284 2623 3355 actione
2679 3305 2834 3363 con·

394 3394 403 3401 '
488 3395 698 3463 iuncti
784 3414 930 3464 esse
1008 3393 1396 3475 videantur,
1456 3402 1683 3464 tamen
1766 3401 2030 3463 tantum
2088 3391 2176 3461 ad
2230 3399 2441 3461 totam
2500 3392 2835 3462 actionem

382 3520 387 3525 ·
487 3501 689 3571 huius
744 3499 1018 3572 fabulae
1091 3499 1644 3590 praeparandam
1731 3497 1845 3585 (cf.
1907 3521 1971 3567 v.
2038 3492 2189 3563 660
2246 3494 2441 3587 seq.),
2528 3519 2678 3568 non·
2748 3498 2837 3568 ad

487 3609 708 3697 ipsum
766 3616 1176 3679 momentum
1233 3607 1521 3678 actionis
1604 3606 1980 3678 nectendae
2049 3599 2163 3692 [v.
2206 3593 2832 3691 ‘328—471¹6⁷)]

488 3715 911 3787 efficiendum
967 3715 1171 3804 positi
1231 3722 1404 3784 sunt.
1466 3713 1702 3802 Neque
1759 3714 1961 3785 aliter
2017 3735 2127 3784 res
2184 3734 2256 3784 se
2304 3712 2510 3784 habet
2551 3712 2619 3781 in
2660 3710 2831 3784 Oed.

489 3821 634 3893 Col.
678 3824 961 3913 prologo
1002 3844 1065 3890 v.
1116 3817 1212 3886 70
1252 3810 1366 3913 ἄρ’
1412 3814 1506 3884 ἄν
1538 3838 1645 3889 τις
1676 3813 1867 3906 αὐτῷ
1898 3816 2192 3910 πομπὸς
2222 3806 2305 3894 ἐξ
2342 3819 2546 3910 ὑμῶν
2586 3811 2832 3909 μόλοι,

488 3951 639 4000 cum
694 3930 914 4020 ipsum
969 3938 1377 4000 momentum
1436 3929 1727 4000 actionis
1784 3925 2154 3997 nectendae
2208 3948 2332 4016 per
2370 3926 2830 4009 accessionem

707 4115 812 4200 ¹⁶⁷)
861 4117 1069 4183 Verba
1100 4118 1654 4184 *Chresothemidis
1703 4116 1838 4181 sine
1885 4115 2074 4180 dubio
2128 4121 2517 4180 momentum
2564 4115 2830 4181 actionis

484 4209 833 4273 nectendae
879 4207 1169 4273 efficitur.
1218 4208 1375 4272 Inde
1422 4207 1588 4272 enim
1636 4224 1961 4271 accessum
2008 4223 2206 4270 novae
2252 4206 2344 4269 rei
2393 4205 2474 4269 ad
2546 4210 2626 4265 τὸ.
2675 4221 2832 4277 προ·

482 4302 891 4373 πεπραγμένα
938 4298 1374 4379 comperimus,
1424 4298 1531 4378 qui
1577 4296 1928 4361 insomnio
1978 4294 2137 4377 Clyt.
2191 4295 2515 4373 ponendus
2540 4299 2661 4370 est,
2708 4313 2831 4375 quo

485 4386 725 4455 factum
771 4393 891 4463 est,
940 4393 1011 4452 ut
1059 4387 1260 4468 Clyt.‚
1311 4405 1499 4466 quam
1547 4387 1753 4451 adhuc
1800 4384 2027 4451 caedes
2076 4385 2353 4467 coniugis
2383 4403 2507 4448 non
2531 4385 2835 4452 vexabat,

483 4495 650 4541 nunc
695 4478 955 4559 ea-ipsa
1000 4495 1070 4540 re
1117 4478 1426 4541 exterrita
1475 4495 1544 4540 se
1592 4476 1953 4557 praeberet.
