3417 5384
2630 427 2727 502 43

382 660 634 732 rerum,
695 664 897 732 quem
952 645 1350 735 tragoediae
1421 645 1690 716 initium
1762 647 1978 735 ponit,
2063 645 2346 735 prologo
2399 644 2600 717 finito
2654 647 2727 717 in

382 770 634 823 scaena
689 770 1092 842 permanere
1146 752 1599 841 toleravisset,
1679 751 1858 842 apud
1935 750 2336 842 Sophoclem
2393 762 2461 824 et
2515 753 2722 825 Euri—

380 856 610 948 pidem
667 878 998 948 persaepe
1051 860 1417 930 histrionffl
1488 859 1775 948 prologo
1827 857 2027 933 finito
2082 860 2155 930 in
2212 879 2464 933 scaena
2516 881 2722 949 prop-

379 973 573 1036 terea
621 975 1045 1056 permanent,
1102 967 1267 1053 qnia
1329 966 1402 1035 in
1475 966 1736 1056 paredo
1790 966 2193 1039 commatica
2253 967 2361 1038 vel
2417 966 2722 1056 episodio

381 1081 700 1160 sequente
758 1093 965 1161 agere
1020 1070 1379 1144 debebant.

591 1282 871 1375 Prologi
948 1285 1480 1357 conformatione
1553 1286 1876 1357 scaenica
1944 1295 2304 1376 perspecta
2378 1285 2466 1357 ad
2521 1306 2721 1377 paro-

379 1393 538 1462 dum
597 1392 1166 1467 considerandam
1219 1412 1345 1463 noa
1401 1401 1898 1464 convertamus.

593 1497 761 1570 Cum
835 1499 1193 1587 tragoedia
1268 1499 1768 1586 antiquissima,
1858 1507 1929 1569 ut
2009 1499 2082 1569 in
2166 1498 2720 1572 antecedentibus

375 1607 813 1696 explanatum
870 1615 994 1695 est,
1053 1607 1322 1679 initium
1400 1628 1445 1679 a
1508 1606 1776 1678 cantico
1834 1606 2026 1677 chori
2080 1606 2344 1678 scilicet
2399 1626 2720 1680 scaenam

377 1714 783 1784 introeuntis
838 1713 1116 1803 ceperit,
1177 1733 1301 1803 pro
1374 1713 1617 1802 parodi
1690 1713 2171 1802 antiquissima
2225 1712 2446 1785 forma
2501 1714 2718 1785 canti-

375 1841 525 1891 cum
585 1841 627 1890 a
683 1821 891 1891 choro
946 1820 1088 1892 solo
1142 1840 1465 1891 scaenam
1504 1820 1889 1891 introeunte
1923 1828 2270 1891 ‹antatum
2328 1820 2719 1892 habendum

371 1937 496 1998 est.
555 1927 783 2015 Atque
836 1927 1102 2016 histrio,
1163 1928 1281 2015 qui
1336 1927 1425 1997 ad
1491 1927 1783 2015 primum
1848 1926 2228 2016 episodium
2282 1925 2717 1999 efficiendum

369 2044 523 2124 post
575 2034 648 2103 id
702 2029 1024 2127 χορικόν
1097 2034 1377 2105 chorum
1453 2033 1708 2121 alloqui
1781 2033 2096 2123 debebat,
2156 2034 2538 2122 argumenti
2603 2054 2715 2105 ra·

370 2142 552 2213 tione
605 2141 866 2228 habita,
927 2140 1168 2230 potuit,
1227 2152 1343 2212 aut
1399 2140 1485 2210 ab
1559 2142 1709 2229 ipso
1797 2141 2138 2232 principio
2206 2141 2408 2213 huius
2463 2141 2717 2213 cantici

371 2248 444 2317 in
500 2266 749 2318 scaena
803 2249 1090 2318 versari.
1152 2249 1362 2318 veluti
1419 2248 1492 2317 in
1548 2246 1783 2337 Suppl.
1833 2246 2085 2322 Aeseh.
2135 2236 2565 2337 1—18198)‚
2599 2257 2715 2319 aut

372 2363 510 2425 tum
567 2354 835 2425 demum
911 2355 982 2424 in
1054 2374 1308 2426 scama
1380 2355 1691 2441 introire,
1770 2372 1920 2425 cnm
1978 2354 2316 2427 canticum
2373 2354 2567 2424 chori
2625 2352 2714 2424 ad

370 2460 581 2532 finem
639 2458 1033 2551 perductum
1088 2470 1285 2537 esset,
1345 2462 1556 2532 veluti
1600 2461 1685 2531 ’in
1741 2461 1934 2531 Pers·
2006 2456 2035 2526 l
2079 2455 2335 2527 -142

585 2567 857 2639 Parodo
909 2568 1101 2640 chori
1156 2578 1354 2658 parte
1398 2567 1694 2655 quadam
1741 2567 2134 2639 histrionali
2190 2587 2234 2636 a
2288 2567 2706 2656 Phrynicho,

368 2684 444 2746 ut
496 2677 636 2746 iam
690 2674 859 2764 dixi,
914 2672 1294 2765 praemissa
1368 2673 1623 2745 factum
1692 2681 1824 2762 est,
1895 2683 1967 2745 ut
2039 2673 2337 2763 paredus
2392 2694 2435 2745 a
2489 2675 2712 2763 primo

368 2783 517 2854 loco
570 2783 642 2852 in
701 2783 990 2852 alterum
1048 2782 1540 2870 demoveretur,
1600 2780 1934 2868 simulque
2005 2789 2084 2851 ut
2149 2802 2273 2870 per
2347 2801 2500 2853 eam
2555 2802 2712 2870 pro-

367 2889 563 2980 logus
618 2910 665 2963 a
716 2888 938 2978 primo
1003 2889 1311 2978 epiaodio
1382 2889 1872 2978 senmgeretur.
1948 2887 2154 2959 Hanc
2218 2886 2552 2977 pai-ndum
2607 2887 2710 2957 al-

366 3005 515 3069 tero
568 2998 717 3067 low
770 2997 1062 3086 positam
1119 3017 1163 3067 a
1217 2996 1429 3067 choro
1501 2996 1720 3066 solum
1796 2994 2129 3066 histrione
2183 2995 2247 3066 ei
2303 3014 2440 3066 non
2492 2995 2707 3083 parti·

369 3105 641 3194 cipante
697 3112 1043 3174 cantatam
1124 3124 1273 3174 esse
1355 3102 1515 3172 inde
1597 3101 1973 3172 verisimile
2045 3109 2171 3181 est,
2229 3101 2410 3190 quod
2465 3101 2712 3173 ,histrio

366 3196 860 3302 προλογίζων,
920 3231 1071 3281 cum
1127 3210 1199 3279 in
1253 3210 1474 3300 primo
1529 3207 1834 3298 episodio
1891 3208 2289 3296 plerumque
2380 3208 2523 3279 alia
2558 3230 2713 3298 per·

366 3338 535 3388 sona
623 3336 828 3404 quam
935 3318 1009 3386 in
1092 3318 1374 3405 prolog«)
1459 3336 1665 3404 agere
1747 3313 2081 3404 debuerit,
2141 3335 2448 3404 pausam,
2506 3335 2713 3403 quam

367 3418 663 3514 parodus
743 3424 1141 3512 praebebat,
1185 3423 1274 3495 ad
1311 3423 1717 3493 vestimenta
1755 3429 1952 3492 extra
2000 3441 2320 3493 scaenam
2357 3421 2706 3511 mutanda,

366 3529 694 3602 adhibere
751 3540 1022 3604 coactus
1078 3536 1248 3601 erat.
1310 3528 1678 3601 Praeterea
1759 3527 2058 3621 parodus
2115 3529 2344 3607 altero,
2386 3527 2536 3603 loco
2589 3548 2708 3618 po·

364 3640 498 3709 sita
552 3637 759 3709 etiam
814 3658 1100 3727 pausam
1151 3637 1476 3729 praebere
1514 3636 1729 3722 potuit
1765 3636 2089 3725 temporis
2129 3634 2470 3724 explendi,
2530 3630 2710 3725 quod

583 3855 665 3937 ⁹⁷)
712 3859 787 3922 In
833 3858 1183 3939 appendice
1231 3857 1527 3923 cancellis
1571 3857 1861 3925 rotundis
1908 3859 2122 3938 saepsi
2190 3858 2445 3925 nomina
2494 3875 2707 3938 perso·

364 3964 609 4024 narmi,
657 3965 816 4028 quaa
860 3947 1053 4012 choro
1092 3947 1409 4028 paredum
1452 3952 1720 4015 canente
1765 3947 1848 4012 ob
1891 3964 2148 4013 camum
2194 3945 2321 4024 ‚,a“
2370 3947 2436 4013 in
2482 3962 2714 4015 scaena

361 4052 622 4102 manere
667 4043 989 4118 oporteat:
1036 4035 1359 4117 angulatis
1400 4040 1619 4100 antem
1664 4035 2050 4103 circumdedi
2092 4037 2348 4105 aomina
2409 4053 2712 4118 persona·

360 4144 525 4207 rum,
570 4142 737 4206 quae
780 4127 970 4191 choro
1017 4126 1325 4206 paredum
1370 4130 1639 4191 canente
1684 4126 1766 4189 ob
1812 4143 2067 4193 causam
2153 4124 2268 4206 ,Ψ
2346 4127 2422 4193 ἰη
2479 4142 2714 4195 scaena

359 4220 640 4280 manent.
1160 4244 1167 4251 ·
2099 4269 2104 4275 .

579 4299 663 4377 ⁹⁸)
709 4299 969 4366 Danaus
1016 4321 1157 4368 cnm
1197 4303 1368 4368 nullo
1414 4303 1600 4369 modo
1647 4321 1691 4367 a
1737 4303 2200 4374 choro‘divelli
2237 4310 2484 4385 posset.
2575 4301 2713 4368 sine

359 4392 550 4457 dubio
595 4390 781 4457 simul
825 4409 966 4455 cum
1013 4392 1205 4457 choro
1246 4410 1541 4458 scaenam
1584 4393 1852 4465 introiit.
1971 4417 1980 4424 ·
2737 4424 2744 4429 ’
