3417 5384
2605 441 2810 543 ,Π

471 632 848 746 prologum,
868 621 874 627 ⁶
919 650 948 723 1
1016 620 1375 745 parodum,
1437 652 1518 721 4
1544 656 1872 748 episodia,
1937 653 1979 723 4
2014 625 2348 749 31331313,
2397 655 2459 724 l
2503 659 2814 745 exodum.

470 761 708 854 Itaque
763 761 1134 851 Euripides
1188 783 1348 834 suas
1403 764 1796 863 tragoedias
1853 786 1973 852 per
2016 761 2057 830 ἴ)
2089 767 2424 854 chorica,
2443 786 2727 853 quorum
2776 761 2806 831 1

422 955 427 958 p
471 868 790 960 parodus,
854 863 896 933 4
956 871 1241 940 stasima
1297 879 1474 959 sunt,
1508 860 1816 941 dividere
1846 859 2268 955 solebat¹23)
2304 872 2365 947 E
2397 876 2538 960 qua
2578 874 2816 965 regula
2899 864 2940 935 ſs
2989 912 2992 915 ·

471 984 699 1079 tamen
735 970 774 1039 2
806 975 1205 1073 tragoediae
1233 977 1677 1073 excipiendae
1708 986 1885 1048 3331;
1913 978 2201 1060 Medea,
2245 999 2420 1067 quae
2456 973 2549 1042 13
2584 990 2816 1067 partes

474 1068 561 1167 (1
588 1083 810 1171 prol.
866 1082 908 1144 l
981 1082 1331 1170 paredum,
1396 1080 1434 1148 5
1495 1085 1691 1172 epis.
1759 1080 1797 1147 ἴ)
1860 1094 2031 1156 3133.
2010 1134 2052 1166 .,
2091 1080 2152 1149 l
2209 1082 2521 1169 exodum)
2553 1085 2817 1164 habens

470 1210 596 1279 per
655 1185 695 1252 6
758 1188 1034 1260 chorica
1091 1189 1450 1263 manifesto
1508 1190 1838 1261 dividitur
1883 1179 2034 1283 ¹24),
2121 1202 2186 1262 et
2243 1193 2564 1280 1103663,
2641 1212 2818 1280 quae
2891 1252 2896 1258 ,

404 1365 408 1369 ,
474 1317 556 1366 ex
598 1290 996 1383 9113611633
1056 1291 1123 1381 (l,
1191 1298 1391 1386 prol,
1462 1295 1490 1359 1
1557 1297 1839 1385 parod0,
1879 1294 1918 1365 3
1953 1299 2151 1387 epis,
2189 1295 2229 1359 ἰ)
2261 1308 2449 1386 stas,
2490 1294 2524 1362 l
2572 1293 2818 1383 exodo)

476 1412 792 1485 constans
849 1423 972 1491 per
1028 1412 1347 1492 quattuor
1405 1403 1680 1474 ‹·h01·ica
1729 1395 2249 1489 ‚dividam-125).
2683 1446 2686 1449 -

555 1518 559 1522 ’
688 1507 1167 1595 Quaerendum
1227 1520 1329 1595 est
1386 1511 1627 1600 igitur,
1680 1533 1801 1581 cur
1857 1510 2225 1598 Sophocles
2298 1520 2365 1581 et
2420 1511 2812 1600 Euripides,
2905 1567 2909 1571 -

473 1615 741 1685 ut-iam
798 1617 1143 1705 apparuit,
1175 1618 1354 1688 vias
1409 1604 1794 1703 tralaticias
1852 1636 1996 1707 per·
2029 1613 2079 1681 4
2174 1619 2452 1689 chorica
2544 1627 2812 1708 tragoe-

408 1721 744 1815 „diarum
803 1722 1329 1811 dividendarum
1389 1725 1791 1812 reliquerint
1847 1734 2049 1812 atque
2105 1724 2194 1795 ad
2254 1724 2297 1785 5
2358 1735 2426 1811 et
2469 1720 2509 1790 6
2554 1748 2808 1797 36603·

474 1823 775 1900 13166131.
883 1827 1071 1917 Quae
1131 1851 1337 1916 causa
1393 1824 1541 1901 mea
1603 1831 1875 1919 quidem
1932 1832 2266 1902 sententia
2295 1832 2368 1901 in
2396 1853 2474 1902 eo
2502 1831 2818 1921 ponenda

479 1924 606 2023 est,
662 1936 840 2025 quod
898 1958 974 2007 re
1032 1937 1414 2013 dramatica
1470 1939 1610 2008 iam
1666 1961 1794 2027 per
1850 1938 2267 2027 Aeschylum
2324 1948 2526 2009 aucta
2583 1939 2670 2009 iis
2729 1940 2816 2011 ad

480 2052 952 2132 argumentum
1009 2044 1523 2133 tragoediarum
1579 2047 1649 2114 in
1708 2045 2016 2134 singulas
2073 2034 2301 2139 partes
2370 2044 2815 2117 *dividendum

478 2171 561 2221 36
612 2150 1127 2238 proponendum
1183 2151 1308 2223 illa
1366 2147 1409 2216 4
1469 2152 1749 2222 chorica
1803 2172 1942 2233 non
1999 2153 2167 2223 satis
2224 2152 2529 2239 fuissent,
2587 2154 2722 2222 nisi
2745 2154 2816 2221 in

481 2257 650 2348 ipsis
709 2256 1036 2346 episodiis
1094 2259 1355 2346 pariter
1412 2253 1611 2346 atque
1656 2259 1919 2339 Aesch-
1981 2260 2051 2329 in
2110 2258 2411 2343 Choeph.
2475 2260 2814 2348 interrup-
2885 2348 2890 2351 ι

481 2363 732 2457 tionem
793 2365 1082 2434 36110313
1140 2366 1500 2435 continuae
1554 2387 2002 2455 personarum
2061 2366 2496 2445 admisissent
2560 2366 2815 2440 Tamen

477 2490 649 2556 cum
682 2470 867 2541 hanc
920 2471 1505 2561 interruptionem,
1620 2482 1698 2541 31
1802 2471 2094 2543 vidimus
2178 2485 2447 2543 strenue
2521 2472 2815 2561 effugere

475 2547 656 2664 soliti
715 2587 962 2663 essent,
1025 2577 1113 2648 ad
1171 2579 1363 2648 illum
1419 2580 1840 2649 11313116133)
1896 2600 2248 2673 33316133)
2305 2588 2620 2668 quattuor
2660 2580 2811 2650 6110·

429 2685 769 2761 tricorum
826 2705 1031 2773 unum
1089 2685 1197 2755 vel
1254 2685 1385 2754 duo
1444 2685 1749 2774 61101163
1778 2685 2040 2769 addere
2087 2687 2304 2756 603611
2377 2694 2596 2756 61331

687 2889 738 2922 ¹⁰
719 2895 794 2968 Α)
844 2890 940 2954 Ob
989 2850 1400 2967 doctrinam
1390 2911 1567 2956 suam
1616 2892 2004 2956 canticorum
2081 2847 2536 2961 alternantium
2618 2911 2654 2956 e
2703 2912 2810 2956 nu·
2884 2905 2888 2909 ’

468 2978 640 3045 mero
689 2980 944 3045 stasim
918 2999 1091 3044 rum
1140 2978 1665 3045 excludendorum
1716 2972 1901 3061 longe
1948 2980 2135 3045 aliter
2225 2982 2303 3044 (16
2387 2981 2501 3045 hac
2549 2999 2619 3044 re
2696 2983 2820 3071 ᾼι·,
2948 3046 2952 3050 .
3053 3037 3056 3040 <

467 3067 743 3151 30161133
820 3070 868 3131 l
916 3068 980 3135 l..
1033 3089 1090 3147 p.
1139 3068 1399 3132 34—-45
1447 3071 1708 3139 censuit.

472 3153 564 3181 ‘³'
685 3155 790 3233 ¹²⁴)
838 3157 911 3221 In
959 3158 1184 3222 Medea
1234 3177 1334 3238 po(
1354 3164 1423 3223 ta
1468 3154 1803 3240 postquam
1852 3165 2293 3238 argumentum
2370 3178 2485 3239 per
2536 3163 2566 3220 1
2620 3179 2807 3240 paro-

400 3283 407 3288 ·
467 3246 615 3310 dum
663 3252 730 3310 et
780 3247 816 3305 4
860 3244 1131 3311 31331313
1177 3249 1237 3311 in
1293 3249 1323 3306 1
1378 3248 1726 3329 prologum,
1779 3242 1816 3306 4
1866 3247 2148 3328 episodia
2195 3254 2262 3311 et
2312 3249 2341 3306 1
2398 3250 2664 3314 exodum
2713 3249 2808 3313 di-

464 3335 632 3410 visit,
683 3354 912 3423 novum
959 3338 1251 3417 quintum
1297 3337 1648 3416 episodium
1698 3337 1790 3414 (id
1838 3342 1937 3401 est
1985 3342 2097 3401 aut
2144 3336 2297 3417 epis.
2352 3335 2479 3423 446
2553 3372 2587 3379 -
2656 3336 2807 3411 626,

334 3430 343 3435 “
466 3424 531 3487 in
577 3442 701 3504 quo
749 3412 938 3489 Iason
987 3426 1224 3490 frustra
1270 3425 1533 3509 Medeae
1581 3426 1928 3490 subsidium
1977 3424 2234 3492 obtulit,
2283 3431 2395 3489 aut
2448 3427 2603 3507 epis.
2678 3386 2807 3486 6623’

354 3580 359 3583 .
466 3510 725 3589 -823,
759 3513 823 3576 13
871 3533 993 3594 (130
1043 3515 1268 3580 Medea
1316 3515 1395 3579 ab
1445 3518 1656 3595 Aegeo
1704 3514 2089 3596 impetravit
2185 3521 2256 3578 ut
2325 3517 2382 3578 ei
2449 3515 2807 3616 perfugium

468 3564 899 3683 promitteret)
949 3602 1272 3668 addidisse
1320 3604 1596 3669 videtur,
1648 3622 1771 3685 quo
1820 3602 2057 3668 factum
2106 3608 2206 3667 631
2275 3612 2345 3668 31
2392 3605 2583 3691 etiam
2631 3605 2803 3685 (1313-

465 3689 602 3754 tum
649 3693 980 3756 Stasimum
1031 3693 1374 3756 adderetur
2821 3768 2824 3771 Α

686 3777 793 3854 ¹²⁶)
842 3781 1060 3846 Etiam
1109 3782 1174 3846 in
1222 3770 1447 3846 Τι·036.
1505 3782 1545 3842 5
1597 3783 1842 3846 chorica
1890 3732 2135 3846 habele
2174 3801 2524 3862 possumus,
2579 3783 2630 3846 si
2679 3789 2808 3847 sta-

466 3869 701 3957 tuimus
752 3870 973 3949 (atque
1018 3871 1111 3937 ita
1159 3871 1567 3940 statuendum
1618 3873 1744 3941 631)
1792 3871 1964 3935 illam
2013 3872 2341 3950 paredum,
2393 3891 2580 3951 quam
2655 3871 2806 3936 6161

407 3960 623 4029 'mus
675 3978 730 4021 v.
792 3957 995 4019 153-
1011 3957 1160 4036 234,
1212 3972 1285 4023 ex
1335 3960 1602 4024 duabus
1629 3961 1919 4038 partibus
1965 3966 2259 4025 constare
2309 3979 2360 4022 ν.
2435 3956 2807 4033 153-195

467 4040 691 4140 quibus
737 4067 807 4128 p
814 4047 1014 4112 rodus
1051 4012 1402 4135 adducitur
1477 4067 1510 4112 v
1604 4046 1978 4125 197-234,
2023 4050 2248 4150 (131633
2296 4048 2628 4113 Stasimum
2684 4051 2807 4130 pri-

465 4152 633 4200 mum
681 4133 951 4201 efficitur
1016 4137 1201 4223 Quod
1248 4139 1415 4202 inter
1463 4138 1765 4215 paludum
1832 4145 1899 4203 et
1946 4139 2212 4219 primum
2260 4132 2592 4202 Stasimum
2640 4139 2814 4202 nulla

467 4243 615 4305 pars
690 4227 1073 4304 recitatoris,
1122 4246 1246 4308 qua
1320 4228 1591 4309 primum
1673 4227 2021 4307 episodium
2071 4222 2232 4291 effici
2279 4227 2571 4303 debebat,
2620 4229 2810 4291 inter·

466 4314 664 4389 cedit
759 4316 861 4381 16
915 4316 1153 4397 optime
1240 4335 1276 4380 e
1370 4317 1686 4391 tenuitate
1764 4318 2117 4397 rgumenti
2182 4316 2379 4395 ipsius
2446 4316 2814 4420 tragoediae

366 4406 370 4410 ’
446 4404 902 4484 explicandum
952 4412 1052 4469 est
