3417 5384
2664 479 2704 549 5

351 705 781 796 goediarum,
839 726 908 795 p.
968 697 1377 772 188--190
1418 701 1502 772 de
1540 703 1806 792 origine
1863 702 2298 791 prologorum
2357 700 2710 790 ingeniose

360 834 447 883 ac
506 812 851 901 sagaciter
917 809 1278 881 iudicatur.

571 1024 857 1095 Praeter
952 1046 1057 1113 ea,
1134 1044 1310 1112 quae
1383 1023 1714 1094 hactenus
1796 1022 2217 1109 enumeravi,
2303 1039 2712 1109 quamquam

350 1132 527 1203 satis
585 1131 1045 1219 mediocriter,
1094 1140 1323 1201 tamen
1363 1130 1591 1218 aliquo
1641 1129 1839 1201 modo
1878 1150 1985 1199 me
2024 1129 2435 1199 adiuverunt
2473 1128 2713 1198 etiam·

354 1239 535 1310 haec
593 1238 957 1328 opuscula:

583 1342 649 1430 ι)
707 1343 1040 1415 Ellendtii
1097 1344 1181 1414 de
1227 1343 1401 1433 prol
1446 1353 1625 1431 trag
1667 1341 1791 1415 Gr.
1833 1343 2133 1429 disse1·.,t
2186 1284 2712 1430 1819,Be1·ol.,

361 1453 548 1522 cuius
607 1451 877 1522 dissert
939 1460 1175 1521 auctor
1232 1449 1490 1539 aliquid
1542 1451 1690 1520 veri
1768 1449 1852 1520 de
1926 1449 2199 1539 duplice
2275 1448 2390 1518 via
2444 1448 2715 1536 exposi-

352 1559 566 1630 tionis
650 1579 742 1628 sc.
830 1558 1190 1628 narrativa
1256 1565 1322 1627 et
1381 1564 1657 1628 actuosa
1739 1558 2152 1646 perobscure
2237 1555 2529 1627 sensisse
2611 1555 2714 1624 vi-

355 1666 578 1736 detur.
642 1663 746 1736 Cf.
807 1686 871 1753 p.
937 1658 1058 1729 26.

578 1765 652 1855 2)
713 1770 1121 1851 Firnhaber,
1179 1769 1432 1840 Jahn’s
1489 1769 1754 1841 Archiv
1810 1769 1920 1839 fur
1958 1768 2168 1840 klass.
2231 1769 2414 1841 Phil.
2483 1763 2712 1858 1815,

357 1901 428 1969 p,
495 1874 940 1958 556—557‚
999 1899 1128 1967 quo
1195 1878 1342 1948 loco
1418 1876 1677 1965 aliquid
1755 1897 1795 1948 a
1872 1877 2163 1947 veritate
2236 1897 2371 1946 non
2428 1875 2713 1945 multum

343 1987 742 2057 abhorrens
799 1984 883 2054 de
937 1994 1185 2054 natura
1240 1984 1675 2072 prologorum
1724 1984 2065 2054 statuitur.

583 2082 655 2183 3)
712 2091 922 2180 Leop.
987 2090 1345 2162 Schmidtii
1389 2089 1471 2159 de
1526 2089 1769 2179 parodi
1805 2091 1879 2159 in
1916 2100 2094 2180 trag.
2155 2089 2404 2161 Graec.
2444 2089 2716 2161 notione

356 2198 569 2289 disp„
628 2197 911 2268 Bonnae
979 2192 1202 2286 1855,
1261 2219 1329 2287 p.
1405 2191 1517 2284 17,
1591 2192 1702 2276 18,
1772 2191 1894 2285 24,
1971 2198 2045 2267 in
2117 2196 2362 2285 quibus
2419 2196 2716 2286 scriptor

360 2304 627 2394 aliquid
683 2305 767 2375 de
820 2304 1426 2394 grammaticorum
1511 2302 1910 2374 definitione
1965 2303 2210 2393 parodi
2270 2301 2358 2372 ad
2415 2302 2713 2392 proban-

359 2410 522 2481 dum
580 2413 749 2483 satis
804 2410 1080 2482 firmum
1125 2411 1429 2502 protulit.

585 2513 658 2602 4)
690 2517 1135 2589 Aschersonii
1166 2518 1538 2609 deparodo
1568 2528 1635 2588 et
1653 2517 2025 2607 epiparodo
2052 2526 2229 2606 trag.
2266 2515 2513 2589 Graec.
2546 2517 2715 2588 diss.

363 2626 600 2713 inaug.
638 2619 830 2689 1856
855 2624 1114 2714 Berol.,
1138 2625 1212 2695 in
1231 2646 1365 2714 qua
1386 2644 1493 2710 ea,
1515 2644 1690 2711 quae
1711 2622 1796 2696 Ο.
1815 2622 2151 2697 Mullerus
2171 2645 2239 2713 p.
2267 2616 2714 2712 360-365,

366 2752 432 2820 p.
457 2724 497 2795 3
512 2727 549 2795 7
564 2724 711 2795 0-
725 2725 765 2794 3
784 2727 816 2794 7
837 2730 868 2794 1
899 2731 1080 2802 Mus.
1099 2731 1319 2802 Rhen.
1334 2729 1398 2800 V
1417 2730 1501 2801 de
1520 2730 1778 2820 parodo
1798 2738 1863 2801 et
1884 2731 2167 2819 epiparo
2185 2730 2273 2800 do
2294 2730 2619 2819 breviter,
2638 2750 2722 2799 ur

365 2837 471 2907 rei
509 2837 644 2927 ipsi
685 2839 1023 2927 convenit,
1057 2838 1388 2928 exposuit,
1423 2836 1509 2907 ab
1548 2858 1628 2908 eo
1667 2838 1740 2907 in
1779 2838 2055 2926 longum
2082 2846 2432 2927 protracta
2470 2826 2717 2920 sunt5).

580 2939 656 3029 4)
729 2942 990 3035 ΚΙΘῘῙιίἰ
1064 2967 1294 3035 progr.
1373 2945 1617 3034 Bonn.,
1715 2939 2154 3032 1855-56,
2242 2943 2327 3014 de
2396 2944 2710 3034 partibus

365 3049 737 3136 formisque
772 3051 1015 3139 quibus
1072 3052 1499 3141 tragoediam
1541 3061 1854 3122 constare
1901 3050 2114 3121 Arist.
2161 3052 2474 3140 voluerit,
2521 3051 2714 3123 cuius

361 3157 530 3227 libri
585 3157 900 3227 meritum
956 3159 1027 3228 in
1081 3181 1162 3229 eo
1213 3159 1509 3249 positum
1565 3169 1687 3247 est,
1745 3158 1926 3246 quod
1992 3158 2089 3229 ibi
2146 3159 2441 3247 primum
2498 3159 2713 3229 verba

365 3263 491 3334 illa
564 3262 651 3331 A.
710 3263 789 3333 P.
869 3262 944 3334 G.
1032 3261 1124 3335 12
1185 3250 1399 3330 κοινὰ
1453 3254 1647 3355 (μὲν)
1733 3263 2084 3328 ἁπάντων
2143 3271 2371 3328 ταῦτα
2423 3273 2491 3335 et
2544 3285 2719 3352 quae

358 3391 509 3458 seq.
568 3378 726 3458 apte
763 3380 829 3440 et
886 3372 1194 3462 apposite
1234 3371 1322 3441 ad
1359 3371 1906 3461 persuadendum
1937 3372 2282 3462 explicata
2324 3381 2498 3442 sunt.

587 3471 663 3560 6)
721 3474 796 3546 C.
858 3475 942 3548 G.
1002 3477 1234 3551 Vossii
1275 3477 1360 3549 de
1396 3487 1575 3568 trag.
1637 3476 1885 3550 Graec.
1929 3479 2233 3568 prologis
2271 3478 2435 3549 diss,
2478 3478 2712 3568 inaug.

369 3583 603 3655 Berol.
687 3577 912 3665 1864,
998 3586 1113 3657 ubi
1188 3606 1292 3673 ea,
1372 3605 1548 3673 quae
1622 3584 1707 3656 de
1781 3584 2040 3675 parodo
2111 3585 2539 3657 disseruntur
2619 3580 2715 3675 (ρ).

369 3685 686 3775 6-18),
749 3689 976 3778 aliquo
1053 3692 1248 3763 modo
1303 3691 1482 3763 lectu
1549 3690 1762 3781 digna
1817 3713 1968 3762 esse
2022 3712 2159 3762 non
2214 3681 2575 3782 negabo.⁶)

584 3901 636 3977 5)
685 3897 902 3980 Nuper
944 3895 1086 3962 Jos
1135 3897 1456 3961 Aschauer
1483 3897 1549 3961 in
1576 3914 1688 3963 suo
1718 3896 1897 3970 libro,
1930 3896 2037 3976 qui
2063 3895 2427 3961 inscribitur
2473 3896 2724 3978 „Ueber

363 3989 471 4054 die
520 3987 800 4052 Parodos
850 4005 903 4050 ιι
956 3985 1355 4067 Epiparodos
1400 3985 1464 4049 in
1511 3986 1625 4050 der
1669 3984 1910 4066 griech
1961 3981 2108 4048 Trf‘
2179 3984 2433 4069 (Gymn.
2498 3985 2716 4066 Progr.

365 4096 488 4142 von
533 4072 1251 4151 Oberhollabr.1887)
1320 4073 1478 4139 satis
1543 4074 1807 4140 dextera
1853 4093 2042 4149 manu
2110 4092 2326 4143 omnes
2373 4075 2722 4167 sententias

364 4165 573 4231 adhuc
618 4165 698 4229 de
745 4164 862 4228 hac
907 4183 977 4228 re
1025 4184 1062 4228 a
1109 4164 1261 4228 viris
1307 4163 1509 4228 doctis
1556 4162 1843 4245 prolatas
1890 4163 2230 4245 congessit.

579 4267 634 4350 ⁶)
681 4271 859 4349 Quae
921 4270 1184 4339 Vossius
1244 4270 1312 4335 in
1377 4270 1598 4351 Progr.
1669 4270 1784 4335 der
1845 4270 1958 4334 lat.
2025 4267 2374 4353 Hauptsch.
2421 4269 2487 4333 in
2536 4266 2724 4334 Halle

367 4359 541 4515 {6823
608 4360 688 4424 de
727 4361 908 4515 ¹:pr-ol.
981 4360 1140 4424 Eur.
1207 4359 1529 4434 disseruit,
1576 4376 1653 4422 ea
1698 4360 1912 4440 potius
1979 4358 2232 4423 silentio
2307 4359 2717 4440 praetermit-

436 4470 477 4515 n
523 4467 561 4514 a
609 4468 725 4514 sun
