3417 5384
643 417 738 486 88

645 629 842 700 1455
904 633 947 702 b
1009 627 1103 696 32
1165 654 1305 721 seq.
1366 642 1761 704 enumerata
1815 642 1967 703 orta
2023 654 2172 704 esse
2227 632 2566 704 videntur.
2610 633 2689 702 In
2736 655 2870 722 qua
2907 654 2983 703 re

638 739 1163 812 demonstranda
1200 740 1605 828 incipiamus
1640 761 1686 810 a
1724 739 2077 829 tragoedia
2117 740 2469 830 inplicata,
2522 761 2693 828 quae
2733 738 2807 810 G.
2864 735 2979 827 18,

646 842 843 912 1455
905 848 948 917 b
1012 841 1104 909 33
1167 848 1266 917 Sic
1321 846 1669 917 definitur:
1757 843 1804 929 ἡ
1861 843 1996 938 μὲν
2036 839 2513 937 πεπλεγμένη
2548 839 2637 929 ἧς
2675 843 2755 910 τὸ
2798 838 2982 909 ὅλον

639 949 836 1018 ἐστὶν
892 951 1302 1045 περιπέτειαι
1358 953 1477 1017 καὶ
1526 944 2056 1044 «ἀπ”αγνώρισιᾳ
2117 951 2307 1040 Quod
2364 955 2495 1024 hoc
2532 955 2679 1024 loco
2716 962 2977 1042 tragoe-

640 1061 756 1131 dia
812 1061 1122 1149 simpleX,
1182 1083 1355 1149 quae
1431 1061 1494 1131 ei
1564 1069 1967 1150 opponatur,
2043 1060 2316 1148 excidit,
2387 1060 2457 1130 id
2524 1061 2889 1149 praecipue
2945 1081 2982 1128 e

641 1168 716 1238 G.
787 1164 902 1256 1⁴),
971 1162 1168 1231 1452
1257 1163 1344 1230 11
1425 1188 1564 1255 seq.
1636 1156 2115 1253 docemur¹47)‚
2174 1167 2353 1237 unde
2409 1168 2614 1237 etiam
2671 1176 2981 1256 apparet,

638 1296 771 1364 quo
826 1275 1026 1345 modo
1081 1274 1254 1344 illud
1307 1267 1397 1354 ἧς
1453 1271 1532 1338 τὸ
1593 1267 1777 1337 ὅλον
1852 1284 1979 1345 etc.
2067 1274 2594 1363 intellegendum
2681 1275 2788 1344 sit.
2852 1273 2985 1343 Sed

641 1382 1008 1453 afferamus
1063 1382 1284 1451 locum
1339 1383 1560 1470 ipsum
1617 1375 1722 1466 (G.
1795 1375 1908 1467 lO,
1977 1375 2173 1450 1452
2237 1402 2278 1451 a
2343 1376 2428 1446 11
2494 1376 2689 1469 seq.):
2732 1379 2867 1444 εἰσὶ
2909 1373 2986 1444 δὲ

640 1494 786 1554 τῶν
844 1477 1230 1579 μύθωνΜῧ)
1290 1492 1356 1550 ot
1441 1485 1574 1579 μὲν
1659 1480 1885 1550 ἁπλοῖ
1970 1491 2038 1550 οι
2125 1482 2199 1552 δὲ
2285 1480 2802 1579 πεπλεγμένοι,
2863 1485 2985 1551 καὶ

640 1581 780 1687 γὰρ
839 1599 910 1658 αἱ
968 1580 1267 1685 πράξεις
1313 1592 1426 1657 ’ὡν
1485 1589 1824 1686 μιμήσεις
1879 1597 1947 1656 οἱ
2005 1587 2215 1685 μῦθοι
2273 1593 2460 1657 εἰσίν
2516 1593 2987 1687 ὑπάρχουσιν

541 1747 544 1751 .
641 1693 850 1770 εὐθὺς
907 1691 1114 1764 οὖσαι
1174 1706 1520 1766 τοιαῦται.
1602 1694 1793 1789 λέγω
1870 1695 1944 1764 δὲ
2001 1693 2277 1783 ἁπλῆν
2353 1698 2488 1791 μὲν
2571 1687 2842 1793 πρᾶξιν
2899 1692 2990 1780 ἦς

641 1809 1038 1898 γινομένης
1124 1790 1365 1900 ὥσπερ
1450 1805 1744 1900 ὥρισται
1804 1813 2172 1901 συνεχοῦς
2225 1808 2348 1871 καὶ
2408 1809 2577 1898 μιᾶς
2633 1801 2808 1869 ἄνευ
2866 1820 2987 1868 πε-

639 1917 999 2006 ριπετείας
1053 1911 1101 1997 ἢ
1158 1904 1726 2028 ἀναγνωρισμοῠ
1763 1911 1810 1995 ἡ
1850 1906 2250 2006 μετάβασις
2306 1917 2609 2002 γίνεται·
2671 1906 2990 2002 πεπλεγ-

649 2015 834 2111 μένη
892 2015 966 2085 δέ
1024 2014 1222 2086 ἐστιν
1279 2008 1361 2096 ἐξ
1411 2014 1501 2105 ἧς
1557 2040 1732 2112 μετα
1814 2010 2380 2112 ἀναγνωρισμοῦ
2436 2017 2483 2104 ἢ
2541 2022 2992 2112 περιπετείας

648 2122 697 2209 ἢ
752 2116 1032 2218 ἀμφοῖν
1088 2124 1134 2207 ἡ
1192 2119 1587 2217 μετάβασις
1641 2117 2001 2216 ἑστινῑ49).
2062 2128 2301 2215 ltaque
2374 2127 2741 2198 discrimen
2814 2127 2994 2196 inter

652 2235 1028 2323 simplicem
1085 2243 1151 2304 et
1207 2235 1630 2324 implicatam
1720 2236 2147 2324 tragoediam
2229 2235 2655 2305 intercedens
2748 2236 2819 2303 in
2913 2254 2992 2304 eo

651 2343 946 2430 ponitur,
1005 2341 1185 2429 quod
1238 2343 1612 2412 metabasis
1667 2343 2064 2430 tragoediae
2148 2342 2538 2430 implicatae
2631 2350 2745 2411 aut
2840 2362 2990 2411 cum

653 2449 1135 2537 anagnorismo
1192 2458 1309 2518 aut
1365 2471 1514 2519 cum
1570 2449 1908 2537 peripetia
1966 2459 2081 2519 aut
2121 2470 2270 2518 cum
2309 2456 2592 2536 utroque
2631 2449 2992 2519 coniuncta

651 2565 774 2644 est,
833 2556 1201 2625 metabasis
1314 2565 1532 2626 autem
1643 2557 2044 2645 tragoediae
2126 2556 2457 2644 simplicis
2542 2577 2693 2625 cum
2748 2544 2990 2625 neutro

652 2663 1011 2733 coniuncta
1069 2672 1189 2733 est.
1251 2663 1477 2750 Atque
1535 2685 1683 2733 cum
1743 2653 2142 2753 μετάβασις
2199 2664 2329 2744 τῆς
2367 2649 2695 2754 πράξεως
2726 2683 2993 2751 semper

651 2768 720 2837 id
777 2768 1049 2858 efficiat,
1111 2768 1199 2838 ad
1256 2769 1431 2857 quod
1490 2779 1631 2841 tota.
1688 2771 1868 2840 actio
1904 2770 2271 2857 contendit,
2313 2768 2515 2839 facile
2544 2769 2988 2858 intellegitur,

651 2896 771 2945 cur
824 2876 897 2944 in
955 2873 1029 2945 C.
1102 2872 1216 2964 18,
1289 2872 1483 2940 1455
1545 2877 1588 2946 b
1649 2870 1744 2941 33
1806 2876 1975 2946 illud
2033 2897 2246 2966 genus
2302 2875 2699 2965 tragoediae
2762 2876 2987 2964 impli-

652 2990 846 3053 catae
903 2983 1005 3052 sic
1060 2982 1399 3052 definitur:
1459 2975 1549 3065 ἧς
1606 2979 1686 3046 τὸ
1747 2975 1932 3046 ὅλον
1963 2973 2452 3069 ὲοτίνεῑο.15“)
2476 2982 2663 3071 Ergo
2687 3004 2986 3071 anagno-

650 3090 898 3159 rismus
955 3089 1060 3158 vel
1116 3091 1472 3179 peripetia,
1534 3111 1707 3178 quae
1762 3111 1899 3160 non
1982 3091 2201 3179 ipsam
2260 3111 2407 3159 rem
2516 3091 2759 3178 tangit,
2857 3110 2993 3177 qua

650 3195 1083 3266 commutatio
1139 3195 1449 3267 fortunae
1487 3196 1795 3286 efficitur,
1910 3219 1994 3266 ex
2105 3197 2442 3267 sententia
2550 3196 2993 3267 Aristotelica

648 3302 1073 3391 tragoediam
1122 3303 1545 3391 implicatam
1602 3303 1889 3374 reddere
1944 3324 2076 3373 non
2134 3312 2375 3393 potest.
2439 3305 2546 3374 Ita
2586 3304 2988 3392 anagnoris-

866 3524 977 3603 1⁴⁷)
1026 3526 1121 3592 Cf.
1169 3526 1499 3610 praeterea
1553 3528 1802 3591 initium
1851 3527 1912 3592 C
1965 3524 2070 3603 24,
2124 3526 2296 3587 1459
2355 3528 2413 3603 b,
2492 3527 2530 3589 7
2606 3545 2734 3608 seq
2797 3527 2995 3592 Recte

651 3635 799 3696 ergo
844 3617 1167 3681 Vahlenus
1214 3636 1273 3695 p
1330 3613 1537 3676 133—-
1556 3613 1705 3693 134,
1758 3617 1948 3681 Sitzb
2002 3612 2115 3682 52
2164 3621 2314 3680 ante
2380 3617 2572 3680 verba
2636 3621 2682 3673 ἡ
2738 3618 2808 3673 δὲ
2870 3635 2992 3674 πο,-

649 3708 886 3765 θητική
929 3707 995 3769 in
1045 3707 1110 3770 G
1165 3703 1493 3781 18,1455
1543 3706 1600 3783 b,
1651 3706 1738 3767 34
1784 3711 1827 3762 ἡ
1877 3695 2059 3764 ἁπλῆ
2132 3724 2270 3768 cum
2365 3703 2729 3770 definitione
2809 3705 2995 3770 desse

644 3795 1000 3875 suspicatus
1048 3800 1167 3859 est.

865 3898 972 3978 148)
1024 3904 1090 3965 Ο.
1143 3899 1202 3977 6,
1254 3920 1311 3980 p.
1366 3899 1534 3960 1400
1629 3921 1684 3965 a.
1784 3901 1823 3960 4
1865 3913 2028 3980 seq.:
2102 3889 2268 3974 λέγω
2349 3903 2545 3972 μυθον
2594 3918 2828 3959 τουτον
2876 3905 2995 3958 τήν

643 3992 926 4048 σύνθεσιν
973 3993 1096 4049 τῶν
1145 3994 1547 4063 πραγμάτων.

865 4096 971 4171 ¹⁴⁹)
1018 4097 1112 4160 Ex
1158 4097 1274 4160 hoc
1321 4096 1456 4160 loco
1503 4102 1792 4177 apparet,
1841 4095 2235 4176 tragoediam
2299 4098 2655 4174 μετάβασιν,
2705 4114 2831 4160 non
2887 4113 2991 4175 pe-

643 4184 960 4266 ripetiam,
1009 4203 1257 4266 semper
1299 4185 1536 4250 habere
1583 4186 1835 4250 debere.
1884 4184 1980 4250 Cf.
2027 4182 2274 4249 Vahlen
2320 4203 2381 4264 p.
2434 4183 2539 4259 94,
2623 4183 2816 4249 Sitzb.
2885 4181 2991 4247 52.

860 4291 968 4369 1³⁵⁰)
1014 4292 1195 4370 Quod
1242 4293 1322 4357 ad
1367 4292 1558 4357 verba
1606 4295 1684 4353 zo
1734 4281 1888 4351 ὅλον
1934 4293 2000 4356 in
2048 4288 2412 4356 definitione
2476 4292 2724 4373 generis
2787 4291 2994 4371 impli-

645 4383 772 4446 cati
817 4383 1109 4460 pertinet,
1161 4381 1372 4446 confer
1418 4381 1771 4447 Vahlenum
1819 4401 1888 4463 p.
1943 4379 2088 4460 137,
2138 4379 2331 4444 Sitzb.
2384 4383 2488 4443 52.
