3417 5384
2587 455 2732 545 125

386 674 816 769 histrionalis
872 689 1193 769 efficiant.
1256 694 1445 788 Quae
1502 720 1651 770 oum
1706 696 1806 769 ita
1863 698 2019 787 sint,
2080 696 2339 770 Seneca
2420 695 2544 770 sub
2600 694 2735 766 fine

386 804 633 895 parodi
686 826 753 874 v.
822 800 966 875 164
1026 805 1378 879 Hecubam
1436 808 1739 878 consulto
1832 827 2152 878 scaenam
2242 805 2733 894 relinquentem

388 911 634 983 fecisse
691 911 979 1002 videtur,
1041 934 1171 1001 quo
1225 913 1522 1005 paro'dus
1578 915 1980 987 commatica
2036 912 2216 1004 apud
2306 934 2457 983 eum
2529 911 2735 984 aliter

394 1028 592 1107 atque
649 1019 828 1110 apud
885 1019 1287 1110 Euripidem
1344 1022 1643 1112 priorem
1700 1029 1966 1111 partem
2024 1021 2109 1091 ab
2167 1020 2388 1091 altera
2446 1019 2732 1090 actionis

388 1125 809 1199 histrionalis
831 1126 1270 1217 disiungeret.
1296 1127 1403 1202 Ob
1463 1146 1610 1199 eam
1666 1150 1812 1200 rem
1868 1126 2157 1200 fortasse
2196 1127 2506 1200 conicere
2545 1126 2727 1215 licet,

391 1232 701 1306 informa
721 1236 1055 1325 primaria
1077 1245 1345 1308 actuum
1415 1237 1709 1326 primum
1732 1244 1956 1331 actum
2011 1235 2219 1307 talem
2259 1235 2732 1305 commaticam

390 1342 741 1433 parodum,
818 1344 1086 1432 qualem
1162 1342 1576 1434 Euripideae
1595 1342 1993 1434 tragoediae
2020 1341 2297 1432 habent,
2320 1340 2732 1413 continuisse

390 1457 590 1538 atque
609 1448 996 1521 exhibuisse
1015 1459 1082 1520 et
1101 1452 1587 1542 expositionem
1624 1461 1690 1522 et
1710 1450 1982 1521 initium
2003 1450 2315 1539 actionis,
2340 1457 2733 1537 tantumque

393 1555 682 1627 decursu
736 1558 1062 1646 temporis
1118 1557 1368 1630 factum
1424 1578 1595 1646 esse,
1657 1567 1730 1628 ut
1784 1559 1855 1628 in
1912 1557 2208 1646 quinque
2274 1555 2538 1627 actibus
2592 1555 2728 1646 pri·

389 1685 535 1735 mus
591 1672 657 1734 et
710 1664 887 1735 alter
942 1673 1133 1737 actus
1189 1665 1323 1736 sibi
1379 1686 1529 1737 eam
1586 1665 2037 1737 dramaticam
2129 1662 2731 1735 conformationem

391 1770 841 1858 vindicarent,
918 1766 1119 1860 quam
1176 1772 1569 1863 tragoediae
1626 1771 1928 1845 Senecae
1982 1772 2279 1860 quinque
2335 1779 2526 1845 actus
2608 1770 2730 1841 ha-

392 1879 625 1950 bentes
681 1879 834 1968 pari
891 1878 1089 1951 modo
1145 1888 1346 1969 atque
1402 1881 1802 1970 tragoediae
1856 1878 2273 1970 Euripideae
2329 1900 2366 1949 e
2422 1900 2540 1948 sex
2569 1898 2726 1966 par·

390 1986 569 2056 tibus
627 1986 915 2057 actionis
969 1986 1398 2059 histrionalis
1453 1996 1839 2063 constantes
1893 1986 2248 2078 praebent,
2333 1985 2406 2054 in
2486 1985 2730 2074 quibus

392 2113 542 2162 cum
597 2092 918 2183 parodus,
977 2103 1049 2164 ut
1105 2095 1450 2166 choricum
1499 2116 1541 2166 a
1598 2096 1804 2167 choro
1861 2096 2005 2167 solo
2062 2101 2430 2182 cantatum,
2519 2092 2728 2163 aetio-

30 1300 43 1775 „———-—‚ff.ffi--.†‚
30 1178 33 1225 ψ-

392 2221 544 2271 nem
600 2199 1076 2272 histrionalem
1132 2202 1607 2293 interrumpat,
1671 2204 1896 2292 prima
1948 2222 2113 2293 pars
2170 2199 2457 2271 actionis
2494 2199 2725 2269 histri-

390 2307 605 2377 omlis
660 2309 722 2378 ei
776 2309 1157 2398 praemissa
1211 2310 1725 2400 expositionem,
1784 2309 2004 2381 altera
2109 2329 2274 2398 pars
2384 2314 2608 2377 autem
2664 2307 2728 2376 ei

390 2414 763 2504 postposita
833 2414 1101 2486 initium
1158 2417 1444 2489 actionis
1499 2418 1746 2489 exibet.
1808 2414 1998 2503 Quae
2055 2415 2443 2486 coniectura
2523 2434 2727 2501 quam

393 2521 686 2592 maxime
740 2521 968 2594 Rheso
1024 2523 1320 2614 fulcitur,
1383 2525 1570 2596 cuius
1625 2523 2032 2614 tragoediae·
2080 2530 2278 2613 poeta
2360 2541 2512 2591 cum
2568 2528 2727 2593 ante

397 2629 873 2700 Ar1starchum
933 2627 1402 2721 Cratetemque
1458 2632 1707 2703 vixerit
1764 2630 1865 2718 (id
1922 2638 2208 2721 apparet
2263 2649 2345 2701 ex
2420 2628 2564 2699 eius
2620 2648 2729 2698 ar-

397 2730 783 2826 gumento),
806 2737 1160 2827 simulque
1216 2738 1598 2811 doctrinam
1652 2739 1947 2828 quinque
2002 2745 2272 2809 actuum
2302 2744 2588 2807 secutus
2603 2743 2728 2821 est,

396 2841 483 2915 ad
541 2851 832 2914 aetatem
891 2844 1181 2934 pleiadis
1220 2847 1635 2941 tragicorum
1674 2844 2299 2919 Alexandrinorum
2336 2840 2733 2914 referendus

397 2938 665 3030 est²03).
728 2950 909 3021 Nam
964 2951 1135 3025 haec
1189 2953 1569 3044 tragoedia,
1627 2962 1701 3024 ut
1757 2952 2013 3024 tradita
2069 2960 2193 3041 est,
2251 2949 2535 3042 praebet
2571 2970 2729 3039 par-

395 3056 595 3128 odum
653 3060 1125 3135 commaticam
1183 3052 1277 3152 (v.
1352 3058 1438 3125 l·-
1502 3056 1630 3147 84)
1686 3070 1761 3132 ut
1813 3071 2079 3151 partem
2135 3068 2327 3130 actus
2373 3057 2578 3148 primi
2633 3052 2725 3142 (v

402 3160 762 3250 1—223),
820 3168 982 3256 quia
1038 3166 1135 3239 ibi
1191 3189 1273 3239 ea
1324 3189 1615 3259 persona
1671 3190 1766 3240 sc.
1829 3167 2105 3254 Hector,
2148 3166 2255 3237 cui
2286 3163 2731 3238 conformatio

395 3274 798 3345 commatica
855 3273 1095 3365 parodi
1152 3274 1456 3366 debetur,
1515 3277 1722 3347 etiam
1776 3273 2037 3367 parodo
2065 3273 2256 3344 finito
2284 3294 2347 3342 v
2389 3266 2485 3337 84
2527 3293 2732 3362 porro

392 3379 462 3448 in
519 3400 769 3450 scaena
824 3380 989 3487 agit,
1049 3383 1381 3471 simulque
1437 3384 1583 3474 ipso
1635 3383 1898 3473 primus
1956 3390 2145 3453 actus
2200 3379 2400 3450 huius
2458 3389 2726 3467 tragoe-

394 3484 549 3557 diae
605 3478 698 3578 (v.
770 3468 964 3553 1—-2
975 3438 1105 3578 ’23)
1163 3500 1469 3581 praeter
1494 3490 1886 3581 exposition
1903 3511 2002 3578 ·,m
2063 3509 2235 3578 quae
2319 3487 2387 3557 in
2469 3486 2731 3577 parodo

396 3595 795 3667 commatica
850 3597 1074 3686 posita
1129 3606 1230 3669 est
1288 3593 1380 3685 (v
1454 3596 1593 3661 1——
1505 3589 1758 3690 —84),
1820 3598 2119 3669 continet
2173 3595 2280 3667 eti
2287 3615 2377 3663 m
2460 3593 2727 3663 initium

393 3702 598 3771 totius
655 3704 942 3783 actionis
1000 3696 1093 3793 (v.
1159 3701 1553 3794 80-148)
1613 3726 1736 3795 per
1818 3704 2181 3775 adventum
2290 3701 2566 3772 Aeneae
2640 3700 2728 3771 ad

393 3807 753 3880 Hectorem
819 3801 1340 3905 adductum204).

608 3967 632 4003 ²
669 3962 717 4043 ³)
764 3963 943 4043 Quod
990 3966 1072 4032 ad
1119 3972 1371 4048 tempus
1417 3967 1610 4032 Rhesi
1699 3965 2133 4032 conscribendi
2225 3965 2480 4040 attinet,
2562 3961 2727 4027 idem

393 4056 583 4132 atque
628 4072 745 4134 ego
791 4055 916 4119 iam
964 4055 1121 4122 God.
1177 4057 1577 4122 Hermannus
1670 4056 1899 4139 Opusc
1999 4056 2074 4119 [ΙΙ
2125 4074 2191 4136 p
2278 4052 2406 4115 279
2455 4052 2724 4117 censuit.

394 4139 627 4206 Contra
674 4142 1190 4211 Wilamowitzius
1236 4147 1447 4225 (Herc.
1494 4148 1523 4210 I
1572 4166 1630 4228 p.
1678 4147 1818 4224 41¹,
1912 4146 2093 4209 Anm
2145 4143 2267 4221 813
2360 4142 2439 4206 de
2530 4138 2726 4204 Rhesi

388 4231 636 4296 scholiis
684 4252 741 4313 p.
797 4231 904 4311 12)
952 4235 1112 4300 hanc
1158 4236 1553 4318 tragoediam
1599 4236 1764 4300 circa
1812 4233 2258 4300 Demosthenis
2322 4236 2602 4296 aetatem
2651 4248 2725 4293 ex

387 4320 743 4386 imitatione
788 4342 928 4388 cum
976 4323 1184 4406 Sopho
1211 4325 1301 4390 >lis
1348 4332 1482 4391 tum
1578 4324 1901 4406 Euripidis
1991 4322 2258 4388 Athenis
2332 4327 2535 4385 ortam
2584 4338 2726 4384 esse

385 4428 758 4493 persuasum
806 4412 1020 4478 habet.

601 4496 716 4581 ²⁰⁴)
766 4497 1012 4567 Rhesus
1056 4521 1173 4584 per
1220 4504 1258 4565 4
1307 4504 1552 4568 chorica
1616 4504 1930 4568 actionem
1999 4501 2452 4568 ‘histrionalem
2535 4499 2728 4565 inter·
