3417 5384
2644 467 2733 535 15

504 724 509 729 ·
604 685 1055 756 Grammatici
1131 684 1612 773 Alexandrini,
1677 694 1749 753 ut
1804 685 1942 755 iam
2000 684 2533 754 demonstratum
2610 692 2734 774 est,

374 813 655 881 semper
711 791 1174 881 significatum
1212 792 1614 880 primarium
1672 792 1870 861 huius
1908 792 2094 861 vocis
2150 792 2446 862 tenuisse
2500 791 2734 861 viden·

387 910 516 968 tur.
581 898 1032 968 Grammatici
1110 908 1335 968 autem
1411 900 1842 989 posteriores,
1903 907 1973 966 ut
2030 920 2068 967 e
2125 899 2384 967 Tzetzis
2441 907 2738 968 tractatu

389 1014 694 1094 apparet.
757 1006 961 1076 etiam
1038 1004 1503 1077 definitionem
1580 1005 1847 1093 prologi
1922 1005 2432 1074 Aristotelicam
2488 1005 2733 1095 proba-
2781 1044 2786 1048 -

386 1120 649 1183 verunt.
712 1112 893 1182 Nam
948 1134 1032 1182 ea
1087 1111 1419 1196 definitio,
1480 1132 1653 1199 quae
1727 1111 1951 1181 TzetZ.
2042 1107 2132 1175 21
2211 1110 2503 1200 legitur:
2565 1106 2733 1201 πρό·

376 1212 620 1308 λογος
678 1217 811 1311 μέν
887 1213 1035 1282 ἐστι
1078 1215 1159 1280 τὸ
1199 1216 1418 1311 μέχρι
1480 1223 1715 1311 χοροῦ
1771 1219 1901 1300 τῆς
1959 1211 2217 1303 εἰσόδῳ
2302 1217 2660 1287 manifesto
2700 1240 2742 1285 a

376 1324 786 1396 definitione
862 1324 1305 1396 Aristotelica
1394 1324 1656 1413 pendet,
1720 1323 2260 1412 quandoquidem
2338 1325 2408 1393 in
2483 1347 2587 1412 ea,
2664 1334 2735 1392 ut

388 1431 649 1501 tradita
723 1441 846 1509 est,
923 1431 1256 1520 parodum
1312 1433 1535 1521 ipsum
1592 1431 1940 1500 introitum
1998 1430 2188 1500 chori
2245 1430 2643 1519 significare
2695 1454 2738 1499 e

383 1559 555 1609 voce
612 1543 847 1631 χοροῦ
904 1538 991 1607 311
1049 1560 1198 1608 eam
1257 1538 1492 1608 addita
1551 1537 1858 1608 concludi
1915 1538 2146 1626 possit.
2184 1535 2286 1607 Cf.
2313 1537 2555 1607 Pollux
2613 1538 2732 1607 IV.

396 1638 542 1709 108
584 1641 628 1725 ἡ
670 1638 952 1713 εἴσοδος
1018 1650 1143 1708 τοῦ
1200 1650 1435 1737 χοροῦ
1494 1638 1816 1736 πάροδος
1873 1635 2227 1713 καλεῖται.
2291 1744 2294 1749 ‚

601 1856 911 1926 Alteram
993 1867 1260 1946 partem
1342 1858 1641 1927 omnium
1723 1844 2236 1946 tragoediarum
2320 1878 2735 1926 communem

375 1963 792 2034 Aristoteles
877 1963 1249 2052 episodium
1335 1965 1661 2033 nominat.
1728 1961 1919 2050 Quod
2004 1964 2286 2033 verbum
2342 1965 2488 2034 sine
2549 1963 2744 2033 dibio«

385 2071 636 2159 origini
693 2070 1200 2158 tragoediarum
1257 2069 1732 2140 ascribendum
1771 2079 1892 2141 est.
1937 2070 2118 2140 Nam
2166 2091 2316 2139 cum
2375 2069 2733 2158 tragoedia

387 2176 656 2248 Graeca
711 2199 748 2247 e
816 2177 1286 2247 coniunctione
1345 2178 1534 2247 chori
1592 2177 1828 2246 Dorici
1886 2178 2104 2265 quinti
2161 2177 2415 2247 saeculi
2457 2198 2498 2246 a
2564 2175 2723 2246 Chr.

372 2305 453 2353 11.
496 2294 561 2354 et
598 2283 809 2353 iambi
866 2284 1252 2355 recitatoris
1307 2283 1536 2353 Jonici
1594 2293 1760 2353 nata
1816 2285 1904 2354 sit
1962 2274 2079 2369 25)‚
2138 2304 2414 2353 neccsse
2472 2293 2595 2354 est.
2657 2293 2730 2352 ut

384 2390 792 2480 episodium,
844 2401 917 2460 ut
972 2412 1102 2460 vox
1158 2392 1308 2480 ipsa
1391 2390 1606 2479 docet,
1699 2391 2157 2461 accessionem
2215 2390 2421 2460 iambi
2480 2391 2721 2461 recita-

379 2498 553 2567 toris
612 2497 699 2566 ad
756 2498 1035 2569 chorum
1090 2499 1160 2566 in
1217 2519 1467 2568 scaena
1523 2506 1910 2568 versantem
1966 2495 2333 2585 significet.
2397 2497 2621 2584 Atque
2659 2498 2728 2566 in

384 2605 864 2674 vetustioribus
948 2605 1268 2689 Aeschyli
1356 2604 1753 2693 tragoediis,
1834 2625 2007 2692 quae
2064 2625 2105 2672 a
2189 2604 2378 2673 chori
2460 2605 2726 2672 cantico

375 2711 738 2798 incipiunt,
800 2732 1064 2799 semper
1121 2711 1208 2781 ad
1267 2711 1605 2781 canticum
1662 2711 1853 2781 chori
1911 2709 2291 2798 episodium
2348 2710 2546 2780 unius
2585 2710 2725 2779 his·

372 2817 624 2886 trionis
683 2817 969 2905 accedit,
1030 2817 1206 2888 unde
1264 2817 1574 2906 dialogus
1630 2818 1808 2889 inter
1863 2839 2015 2888 eum
2064 2824 2129 2886 et
2168 2817 2449 2886 chorum
2506 2818 2725 2886 oritur

386 2913 502 3013 26).
583 2924 821 3010 Itaque
894 2924 1180 3012 episodii
1253 2924 1621 3013 primarius
1696 2923 2126 3013 significatus
2202 2934 2303 2993 est
2378 2923 2469 3012 id,
2552 2925 2730 3011 quod

382 3030 788 3099 allemanice
879 3028 1252 3115 „Auft1·itt“
1345 3031 1595 3100 dicitur
1653 3021 1770 3117 27).
1855 3031 1960 3100 Ad
2044 3051 2248 3118 quam
2325 3032 2730 3100 sententiam

381 3135 802 3224 probandam
860 3157 995 3206 non
1050 3159 1337 3226 parvum
1393 3148 1803 3208 momentum
1884 3139 2166 3228 praebet
2222 3136 2391 3207 Oed.
2455 3138 2523 3206 in
2582 3136 2725 3207 Col.

390 3237 562 3321 730,
622 3243 738 3312 ubi
794 3243 1006 3313 verba
1046 3246 1176 3325 τῆς
1212 3238 1391 3334 ἐμῆς
1447 3238 1828 3308 ἐπεισόδου
1888 3243 2198 3315 Creontis
2256 3265 2599 3314 accessum
2642 3244 2729 3314 ad

375 3350 662 3419 chorum
718 3350 1137 3437 significant.
1199 3349 1301 3420 Cf.
1365 3350 1572 3440 Soph.
1623 3351 1871 3440 fragm.
1936 3351 2198 3439 Inachi,
2265 3348 2413 3414 225
2474 3340 2728 3413 ΙΙλοτί-

390 3571 671 3637 1⁹12.—
713 3575 877 3650 Quid
927 3593 1002 3638 ex
1048 3577 1162 3638 hoe
1211 3575 1343 3640 loco
1397 3572 1568 3641 Artis
1616 3573 1803 3642 Rhet.
1853 3577 1966 3643 Τ11.
2016 3577 2292 3641 Kockius
2340 3577 2731 3651 concluseiit,

378 3663 659 3727 invenies
707 3664 769 3726 111
829 3664 1077 3742 „Ueber
1122 3665 1223 3728 die
1270 3666 1549 3730 Parodos
1593 3663 1765 3730 etcst‘
1821 3685 1879 3746 p.
1914 3662 1974 3726 5.
2008 3665 2088 3730 Cf
2134 3671 2461 3747 praeterea
2512 3665 2732 3732 Fleik-

376 3751 610 3816 eisen's
655 3752 894 3826 Jahrb..
948 3751 1140 3833 1857,
1193 3774 1230 3834 p
1299 3753 1458 3815 331.

596 3858 676 3937 25)
727 3860 863 3937 Quo
929 3862 1066 3927 iure
1141 3862 1296 3927 talia
1371 3862 1690 3927 affirmare
1766 3863 2023 3944 possim,
2098 3868 2370 3943 apparet
2432 3881 2509 3926 ex
2573 3863 2753 3927 libio&

383 3948 589 4019 Bethii
667 3949 948 4030 „Pi-oleg.
1015 3970 1126 4027 zur
1190 3949 1567 4016 Geschichte
1633 3952 1746 4016 des
1819 3952 2045 4016 Theat.
2107 3952 2192 4015 im
2259 3952 2403 4030 Alt,
2473 3952 2731 4033 Leipzig

383 4033 592 4098 1896“
647 4057 708 4118 p.
759 4036 1051 4107 27—47‚
1127 4041 1501 4123 praesertim
1550 4060 1614 4121 p.
1667 4041 1771 4106 45.
1822 4039 2051 4107 Confer
2097 4046 2426 4122 praeterea
2480 4041 2729 4121 Wilaru.

382 4126 564 4189 Herc.
616 4126 664 4202 1,
721 4147 779 4205 p.
832 4126 1153 4187 48—861.

596 4228 676 4311 ²⁶)
723 4233 824 4298 Sic
873 4234 1154 4303 Wilam„
1200 4236 1432 4300 ibidem
1482 4258 1522 4319 p
1602 4236 1916 4301 87—901.

597 4333 678 4416 ²³¹)
729 4340 932 4406 Aliter
994 4341 1074 4406 de
1120 4340 1237 4407 hac
1282 4362 1352 4406 re
1397 4342 1700 4409 iudicavit
1747 4343 2130 4409 Schmidtius
2180 4363 2238 4424 p.
2283 4340 2326 4402 5
2352 4345 2458 4424 (de
2509 4324 2728 4426 paredi

376 4429 446 4491 in
491 4432 661 4508 trag·
709 4428 817 4494 Gr.
869 4432 1049 4508 not.).
1097 4430 1180 4495 Cf
1243 4432 1437 4527 etiam
1483 4434 1907 4527 Fleckeisen’s
1953 4432 2205 4500 ι1311111,
2258 4432 2449 4510 1857,
2481 4454 2545 4519 p.
2580 4434 2728 4496 717.
