3417 5384
717 494 815 563 84

712 715 1068 802 leguntur:
1131 711 1250 776 καὶ
1308 705 1388 774 ἐν
1446 719 1542 798 τῷ
1592 703 1864 801 Λυγκεῖ
1923 714 1960 775 o'
2020 711 2154 806 μὲν
2211 703 2577 806 ἀγόμενος
2632 716 2728 786 ὡς
2783 705 3055 777 ἀποθη-

711 818 1089 911 νούμενος.
1160 818 1196 880 ὁ
1256 812 1331 883 δὲ
1391 808 1673 890 Δαναὸς
1748 809 2177 890 ἀκολουθῶν
2251 823 2347 889 ὡς
2420 811 2847 886 ἀποκτενῶν
2924 818 3056 884 τὸν

711 923 845 1015 μὲν
885 917 1159 1010 συνέβη
1197 918 1277 989 ἐκ
1334 931 1479 989 τῶν
1534 926 2074 1019 πεπραγμένων
2131 917 2552 1014 ἀποθανεῖν,
2615 926 2745 994 τὸν
2803 922 2878 991 δὲ
2917 943 3053 991 σω-

711 1024 950 1115 θῆναι.
1013 1033 1121 1102 Ex
1177 1033 1421 1121 quibus
1475 1033 1644 1105 locis
1700 1032 1785 1103 de
1843 1035 2327 1123 compositione
2385 1034 2598 1124 ipsius
2635 1035 3054 1123 ‘tragoediae

707 1141 837 1210 hoc
876 1140 1256 1229 colligitur:
1299 1139 1864 1232 Hypermestram
1900 1140 2121 1211 filiam
2167 1141 2394 1212 Danai
2435 1142 2817 1230 coniugium
2858 1163 3050 1212 suum

710 1269 858 1317 cum
915 1247 1209 1339 Lynceo,
1270 1268 1466 1334 quem
1523 1249 1859 1318 occultum
1897 1257 2257 1335 servasset,
2301 1257 2563 1338 patrem
2608 1249 2886 1337 celasse,
2931 1248 3050 1318 sed

706 1354 1048 1443 proditam
1104 1375 1250 1424 esse
1305 1376 1427 1442 per
1484 1354 1813 1425 infantem
1870 1354 2110 1443 filium,
2167 1356 2281 1442 qui
2338 1378 2420 1423 ex
2479 1376 2558 1425 eo
2613 1357 3051 1425 matrimonio

705 1469 906 1530 natus
981 1470 1179 1531 esset.
1242 1484 1283 1531 a
1357 1462 1600 1531 Danao
1657 1464 1886 1533 nescio
1943 1483 2074 1550 quo
2133 1484 2291 1532 casu
2352 1462 2699 1534 inventum
2733 1484 2814 1532 ac
2850 1463 3041 1550 agni-

705 1577 869 1656 tum;
929 1589 1107 1637 nunc
1163 1567 1509 1659 Lynceum
1568 1590 1607 1637 a
1665 1590 1897 1640 socero
1956 1591 2073 1639 suo
2129 1569 2201 1638 in
2240 1569 2535 1639 iudicum
2567 1577 2836 1656 raptum
2871 1590 3041 1655 esse,

706 1683 788 1743 ut·
836 1675 1058 1763 capite
1116 1696 1369 1763 poenas
1429 1676 1836 1745 furtivarum
1894 1677 2283 1764 nuptiarum
2344 1677 2582 1763 lueret,
2645 1676 2763 1745 sed
2833 1676 3039 1763 Argi·

704 1801 847 1865 vos,
909 1782 1138 1851 Danai
1193 1782 1552 1872 imperium
1608 1783 1747 1852 iam
1806 1782 2055 1852 dudum
2112 1804 2374 1864 exosoS,
2434 1772 2781 1873 Lynceum
2817 1783 3042 1853 absol-

701 1889 884 1958 visse
940 1899 1006 1958 ct
1064 1889 1377 1960 Danaum
1435 1890 1679 1979 capitis
1737 1890 2097 1960 damnasse
2164 1878 2310 1971 1Μ).
2392 1889 2627 1976 Itaque
2684 1888 2771 1958 ad
2832 1882 3038 1952 ὃέσιν

700 1995 898 2065 huius
956 1997 1352 2083 tragoediae
1410 2005 1719 2085 spectant
1784 1997 2311 2086 Hypermestrae
2370 1996 2757 2084 coniugium
2812 1995 3030 2066 oct-ul-

700 2111 841 2170 tum
897 2102 1172 2190 eiusque
1229 2101 1507 2193 fructus,
1569 2103 1811 2192 quibus
1872 2104 2233 2192 praecipue
2289 2088 2375 2166 τὰ
2404 2097 3037 2194 προπεπραγμένα

699 2208 1096 2288 redduntur,
1176 2209 1421 2279 deinde
1487 2232 1568 2280 ex
1626 2211 1734 2295 iis,
1796 2232 1969 2298 quae
2026 2231 2256 2280 coram
2349 2210 2843 2298 spectatoribus
2921 2231 3035 2277 ac-

700 2314 951 2403 cidunt,
1030 2316 1335 2386 inventio
1392 2317 1674 2388 infantis
1731 2316 1864 2386 filii
1922 2318 2198 2405 eiusque
2256 2317 2537 2404 agnitio,
2636 2335 2771 2403 qua
2864 2315 3037 2385 illud

697 2419 915 2513 μέρος
952 2421 1138 2492 effici
1177 2423 1468 2511 videtur,
1511 2426 1686 2494 unde
1746 2413 1949 2516 ἀρχὴ
2007 2426 2138 2514 τῇς
2196 2414 2445 2514 μεταβ.
2505 2422 2876 2509 redundat3
2951 2422 3039 2490 ad

697 2521 917 2591 λὺσιν
973 2538 1196 2600 autem
1252 2530 1610 2602 referenda
1667 2539 1823 2601 sunt
1897 2532 2143 2618 capitis
2210 2530 2574 2608 accusatio,
2636 2550 2771 2617 qua
2827 2519 3037 2621 ἀρχὴ

696 2636 826 2716 τῆς
882 2627 1132 2725 μεταβ.
1195 2638 1596 2726 continetur,
1666 2637 1911 2713 deiude
1975 2638 2231 2728 Lyncei
2292 2637 2624 2707 absolutio
2681 2646 2747 2704 et
2802 2635 3030 2704 Danai

694 2740 1060 2813 damnatio.
1122 2744 1229 2813 Ex
1287 2745 1417 2826 his,
1476 2766 1909 2834 quamquam,
1968 2754 2041 2813 ut
2094 2766 2217 2833 per
2274 2766 2345 2814 se
2402 2743 2844 2830 intellegitur,
2898 2762 3035 2810 non

692 2848 860 2917 satis
918 2857 1103 2919 certa
1160 2861 1334 2927 sunt,
1393 2862 1616 2922 tamen
1678 2861 1865 2922 certo
1923 2851 2154 2939 colligi
2201 2860 2443 2941 potest,
2486 2849 2735 2918 inillis
2773 2848 3028 2936 verbiS,

691 2959 934 3048 quibus
992 2951 1186 3027 ὃέσις
1243 2956 1588 3045 definitur,
1648 2979 1730 3028 ea
1786 2959 2227 3028 Aristotelem
2266 2943 2350 3020 τὰ
2398 2942 2659 3030 ἔξωθεν
2721 2976 3026 3043 vocasse,

687 3086 862 3156 quae
917 3073 1112 3136 extra
1165 3064 1590 3152 tragoediam
1649 3065 1716 3133 id
1770 3074 1870 3135 est
1928 3074 2083 3134 ante
2129 3065 2397 3133 initium
2435 3062 2831 3151 tragoediae
2872 3083 3020 3151 per-

688 3181 842 3244 acta
897 3180 1053 3243 Sunt
1111 3155 1222 3257 (τὰ
1275 3167 1955 3263 προπεπραγμένα);
2033 3157 2115 3234 τὰ
2189 3161 2453 3233 ἔσωθεν
2530 3178 2776 3258 autem,
2856 3189 3033 3256 quae

687 3281 758 3348 in
814 3280 967 3367 ipsa
1021 3277 1379 3366 tragoedia
1436 3300 1666 3358 coram
1724 3278 2219 3366 spectatoribus
2260 3265 2739 3359 acciduut¹42),
2784 3275 3030 3345 deinde

684 3379 848 3457 illud
907 3383 1121 3476 μέρος
1179 3383 1216 3446 ὃ
1273 3378 1600 3476 ἔσχατόν
1657 3378 1856 3449 ἐστιν
1896 3371 1977 3458 ἐξ
2032 3379 2113 3446 οὗ
2172 3394 2297 3453 etc.
2349 3404 2497 3453 esse
2552 3403 2702 3452 eam
2763 3394 3029 3470 partein

685 3492 994 3572 actionis,
1054 3491 1231 3561 unde
1286 3493 1691 3562 necessitate
1766 3491 2061 3577 quadam
2143 3490 2406 3558 initium
2480 3489 3028 3559 commutationis

681 3600 990 3670 fortunae
1047 3587 1439 3684 evadit143).
1503 3597 1690 3684 Quae
1746 3618 1911 3667 sane
1968 3596 2056 3666 ad
2113 3596 2563 3666 dramaticam
2621 3595 3026 3665 divisionem

701 3873 704 3876 ,
897 3802 1006 3883 1⁴²¹)
1058 3806 1227 3868 Haec
1275 3822 1311 3866 e
1359 3804 1671 3866 sententia
1726 3802 1795 3866 C.
1847 3802 1918 3866 Ο.
1970 3802 2223 3866 Miilleri
2269 3803 2680 3866 (Graecorum
2728 3803 2807 3867 de
2859 3803 3022 3884 Lyn·

679 3896 805 3958 ceis
852 3894 1124 3971 fabulae,
1175 3893 1353 3956 Gott.
1409 3890 1578 3952 1837
1630 3911 1696 3971 p.
1753 3891 1858 3967 11)
1909 3892 2075 3955 dicta
2131 3897 2291 3955 sunt.
2344 3889 2435 3955 Ct.
2487 3892 2680 3955 etiam
2711 3891 3026 3966 Welcker,

677 3985 781 4048 die
829 3983 1060 4064 griech.
1108 3983 1240 4054 Tr„
1296 3978 1621 4060 1076—73
1669 3979 1931 4055 Vahlen,
1982 4000 2092 4043 zur
2149 3980 2354 4043 1<ritik
2405 3981 2595 4043 Arist.
2684 3979 3023 4055 Schriften,

677 4072 868 4137 Sifzb.
918 4072 1031 4135 der
1078 4071 1260 4134 Wien
1297 4089 1334 4131 r
1378 4067 1513 4145 Ak‚
1565 4069 1634 4131 B.
1683 4067 1796 4142 36,
1846 4087 1908 4148 p.
1956 4059 2239 4130 80—81.

895 4175 998 4257 ι’12)
1048 4177 1147 4242 Sic
1194 4176 1319 4254 iam
1369 4173 1442 4255 G.
1500 4178 1852 4239 llermanus
1901 4164 2053 4261 llaec
2099 4177 2293 4239 verba
2350 4175 2666 4239 intellexit
2740 4194 2801 4255 p.
2896 4174 3015 4234 161

681 4276 745 4332 Ji.
796 4268 893 4343 Ρ.,
943 4265 1091 4332 adn.
1140 4266 1219 4329 ad
1271 4260 1350 4329 C(
1392 4265 1492 4340 15,
1527 4270 1628 4354 93:
1897 4337 1900 4341 ¹
1975 4324 1990 4357 :-

887 4369 996 4454 ¹⁴³³¹)
1045 4373 1146 4438 Sic
1191 4378 1364 4436 recte
1411 4373 1474 4435 in
1521 4372 1877 4434 universum
1928 4370 2246 4434 Vahlenus
2297 4390 2333 4450 p
2413 4368 2558 4445 132,
2626 4370 2825 4434 Sitzb.
2907 4371 3028 4435 der

679 4464 925 4526 Wiener
972 4463 1119 4542 Ak·,
1170 4461 1288 4525 vol.
1342 4461 1445 4536 52,
1495 4460 1896 4524 definitiones
1960 4462 2183 4523 δέσεως
2233 4464 2303 4523 et
2374 4447 2617 4523 λὺῠεως
2695 4461 3040 4540 interpre-.
