3417 5384
699 456 897 539 130<

691 678 838 767 g‘ula
886 678 1304 746 excluduntur
1348 685 1598 747 tantum
1646 679 1769 747 duo
1819 687 2019 748 actus:
2068 689 2248 748 actus
2293 678 2382 747 IV
2431 679 2614 747 Herc
2681 676 2878 760 (fur.‚)
2927 674 3042 743 ubi

692 779 859 843 actu
885 770 1067 836 finito
1113 771 1322 836 nullus
1369 772 1700 838 abscessus
1745 772 2122 838 histrionum
2170 760 2310 851 fit
2375 777 2557 838 actus
2630 770 2719 836 IV
2789 771 3020 851 Agam.
3000 816 3041 851 .‚

691 863 797 927 ubi
844 866 991 943 post
1035 861 1279 925 abitum
1325 879 1363 926 e
1412 880 1639 929 scaena
1686 863 2174 944 Agamemnonis
2222 861 2581 928 Cassandra
2628 878 2817 942 porro
2863 860 2950 923 in
2958 876 3040 923 ea
3105 864 3114 873 “

693 954 1137 1016 commoratur.

905 1040 1085 1117 Quod
1133 1041 1214 1104 ad
1260 1041 1570 1105 rationem
1616 1041 1786 1106 inter
1830 1041 2072 1106 medios
2120 1045 2300 1106 actus
2350 1041 2629 1106 Senecae
2680 1044 2747 1104 et
2819 1056 3033 1103 nume·

693 1149 833 1194 rum
879 1148 1247 1194 scaenarum
1293 1130 1796 1195 intercedentem
1840 1131 2139 1212 pertinet,
2189 1129 2327 1195 fere
2374 1130 2594 1195 eadem
2614 1129 2779 1194 ratio
2817 1129 3040 1193 obser·

690 1224 878 1285 vatur
923 1223 1116 1299 atque
1206 1219 1272 1283 in
1310 1218 1610 1298 episodiis
1655 1216 2035 1301 Euripideis.
2087 1221 2251 1285 Nam
2298 1239 2333 1283 e
2426 1216 2509 1280 25
2541 1219 2765 1284 mediis
2793 1217 3044 1283 actibus

696 1307 737 1370 8
782 1305 1017 1399 (32010),
1051 1326 1127 1373 ex
1171 1327 1295 1372 una
1343 1326 1589 1384 scaena,
1640 1310 1724 1371 17
1775 1307 2004 1389 (68⁰s)
2053 1328 2088 1373 e
2137 1310 2379 1387 duabus
2425 1314 2493 1374 et
2542 1308 2824 1389 pluribus
2863 1324 3035 1371 scae-

691 1398 790 1463 nis
836 1403 1131 1463 constant
1201 1397 1442 1463 Medios
1489 1404 1668 1463 actus
1717 1399 1781 1462 in
1832 1416 2092 1463 scaenas
2139 1399 2373 1465 divisos
2454 1398 2738 1463 invenies
2812 1397 2876 1461 in
2922 1414 3005 1478 ap

689 1484 953 1568 pendice
997 1487 1141 1555 huic
1186 1486 1397 1552 libello
1444 1487 1682 1552 addita.
1775 1544 1781 1551 .

905 1575 1215 1662 Continua
1265 1577 1430 1642 actio
1478 1595 1889 1659 personarum
1937 1578 2001 1641 in
2048 1576 2272 1641 mediis
2307 1577 2554 1642 actibus
2582 1576 2823 1658 pariter
2842 1580 3042 1656 atque

664 1658 753 1730 ‘in
798 1664 1100 1746 episodiis
1147 1663 1376 1746 ubique
1423 1666 1968 1743 animadvertitur,
2002 1671 2260 1747 praeter
2277 1665 2503 1730 Troad.
2530 1671 2657 1731 act.
2680 1665 2745 1729 II
2768 1664 2853 1741 (v.
2875 1663 3039 1743 202)

689 1760 755 1819 et
799 1754 984 1819 Herc.
1033 1754 1174 1821 Oet.
1221 1761 1349 1820 act·
1401 1756 1463 1819 II
1512 1755 1594 1833 (v.
1648 1752 1825 1829 232).
1876 1755 2031 1820 Inde
2076 1754 2354 1821 fortasse
2437 1755 2721 1821 concludi
2794 1759 3036 1836 potest,

689 1848 910 1924 poetas
958 1845 1328 1928 posterioris
1376 1845 1609 1911 aetatis
1656 1865 1780 1910 non
1826 1845 2113 1911 consulto
2151 1841 2262 1926 (ut
2309 1851 2532 1925 poetas
2579 1840 2859 1921 veteres)
2891 1861 3038 1907 eam

688 1937 937 1998 secutos
985 1951 1149 2000 esse.
1196 1935 1433 1999 Tamen
1481 1934 1753 2000 fortasse
1800 1935 1878 1998 in
1911 1934 2147 1999 Troad
2171 1939 2293 2000 act.
2345 1935 2406 1998 11
2454 1935 2588 1999 eius
2651 1932 3037 2015 interruptio

687 2041 760 2088 eo
809 2023 1095 2089 devitata
1143 2029 1301 2102 erat,
1350 2024 1517 2106 quod
1563 2022 1935 2107 Talthybius
1982 2021 2176 2089 etiam
2226 2030 2369 2104 post
2415 2044 2469 2088 v.
2511 2022 2686 2087 2θὲ
2678 2029 2770 2088 ut
2787 2040 3039 2124 ‘praeco

688 2131 884 2192 prope
931 2110 1122 2178 duces
1165 2114 1231 2177 in
1277 2132 1568 2212 scaenam
1594 2114 1943 2179 venientes
1989 2115 2364 2179 versabatur
2433 2109 2737 2179 Similiter
2781 2112 2847 2176 in
2883 2117 3039 2175 actu

687 2201 748 2265 II
799 2200 984 2267 Herc.
1080 2203 1221 2268 Oet.
1317 2221 1440 2267 non
1522 2204 1883 2284 interrupta
1929 2221 2070 2268 esse
2116 2208 2331 2284 potest
2401 2204 2455 2267 si
2503 2207 2771 2276 statuas
2856 2199 3037 2265 Iolen

685 2309 810 2355 non
855 2291 1040 2355 simul
1088 2310 1227 2356 cum
1272 2292 1539 2375 introitu
1588 2293 1854 2357 nutricis
1900 2311 1955 2356 v.
2009 2289 2138 2355 232
2186 2311 2478 2358 scaenam
2525 2291 2876 2373 reliquisse.

1532 2493 1643 2564 Ad
1699 2516 1764 2584 p.
1825 2446 2173 2565 '67-6'8,

899 2665 1123 2732 Ultimi
1172 2672 1372 2744 actus
1423 2667 1530 2748 qui
1576 2665 1915 2732 manifesto
1962 2666 2161 2731 exodo
2209 2666 2654 2731 Aristotelicae
2672 2666 3037 2746 adaequan-

682 2761 809 2837 tur,
858 2774 1110 2838 semper
1156 2757 1235 2821 ab
1285 2757 1550 2822 introitu
1596 2775 2010 2837 personarum
2056 2757 2299 2836 pariter
2344 2762 2538 2837 atque
2584 2756 2780 2820 ceteri
2826 2761 3033 2830 actuS‚

684 2846 1008 2925 incipiunt
1059 2850 1315 2926 praeter
1362 2847 1550 2910 Herc.
1600 2843 1783 2924 (fur)
1830 2850 1956 2911 act.
2006 2845 2080 2920 V,
2129 2846 2236 2927 qui
2271 2846 2362 2911 ab
2412 2846 2682 2910 Hercule
2710 2844 3034 2928 expergis-

684 2942 866 2999 cente
912 2934 1237 3016 incipitur.

898 3023 1048 3104 Ipsa
1097 3024 1387 3089 scaenica
1434 3024 1846 3090 conformatio
1892 3024 2257 3089 ultimorum
2305 3029 2558 3089 actuum
2625 3024 2792 3103 apud
2841 3016 3029 3086 Sene

683 3133 820 3178 cam
867 3113 1065 3179 multo
1112 3111 1461 3193 simplicior
1507 3132 1647 3180 esse
1681 3114 1946 3179 videtur
1991 3133 2180 3195 quam
2229 3114 2574 3179 exodorum
2622 3119 2786 3194 trag.
2837 3111 3030 3176 Grae-

682 3222 922 3269 carum.
970 3203 1068 3266 Ex
1114 3200 1156 3262 8
1201 3203 1442 3269 ultimis
1490 3204 1736 3269 actibus
1785 3204 1823 3264 5
1873 3196 2165 3285 (62¹12⁰{0)
2216 3208 2466 3269 tantum
2495 3221 2686 3267 unam
2715 3217 3033 3279 scaenam,

682 3291 721 3354 3
773 3287 1067 3374 (37¹!2⁰30)
1129 3292 1342 3371 plures
1391 3293 1652 3359 scaenas
1703 3293 2027 3373 praebent.

897 3382 1063 3446 Num
1109 3383 1488 3463 interruptio
1536 3382 1872 3448 continuae
1920 3383 2185 3447 actionis
2232 3398 2643 3464 personarum
2691 3381 2755 3445 in
2788 3380 3035 3446 ultimis

681 3471 932 3536 actibus
977 3490 1177 3553 aeque
1225 3476 1418 3555 atque
1464 3471 1531 3536 in
1577 3472 1795 3536 exodis
1841 3471 2263 3551 Aristotelicis
2310 3471 2478 3552 apud
2525 3471 2825 3536 Senecam
2915 3470 3031 3534 ad-

684 3560 879 3624 missa
927 3561 1030 3632 sit,
1080 3561 1239 3626 satis
1287 3559 1543 3626 dubium
1637 3566 1756 3640 est,
1853 3561 2000 3640 quia
2095 3566 2344 3626 tantum
2427 3561 2491 3624 in
2583 3559 2804 3624 ultimo
2879 3564 3033 3623 actu

684 3647 871 3713 Herc.
920 3648 1062 3714 Oet.
1115 3646 1198 3731 (v.
1251 3650 1451 3731 1575)
1500 3652 1894 3715 observatur.
