3417 5384
2479 471 2625 555 111

275 701 445 772 satis
504 686 933 794 sunt¹34).-—
996 684 1129 771 Sed
1189 703 1663 774 convertamus
1720 721 1844 772 nos
1900 692 1989 772 ad
2043 714 2162 773 eas
2206 701 2622 797 tragoedias,

222 842 227 847 ⁴
273 809 344 876 in
403 804 649 896 quibus
707 818 1112 879 momentum
1171 808 1461 879 actionis
1570 807 1945 880 nectendae
2054 807 2624 883 introductionem

275 915 469 987 chori
529 916 891 987 antecedit.
953 916 1178 1004 Atque
1233 915 1304 984 in
1360 914 1614 996 talibus
1645 914 2022 1006 tragoediis
2052 914 2619 989 introductionem

271 1023 465 1092 chori
523 1045 602 1095 eo
656 1023 828 1112 fieri,
889 1022 1070 1112 quod
1127 1023 1332 1095 statui
1392 1028 1644 1102 rerum,
1700 1033 1839 1112 'quo
1876 1032 2288 1094 momentum
2326 1023 2623 1095 actionis

269 1130 647 1201 nectendae
705 1129 1020 1219 efficitur,
1081 1151 1154 1201 se
1212 1130 1536 1220 applicat.
1598 1129 1806 1202 facile
1862 1129 2322 1201 demonstrari
2367 1139 2613 1220 potest.

272 1236 384 1308 Ita
437 1237 507 1307 in
565 1235 735 1309 Oed.
795 1238 877 1339 R.
938 1259 1089 1309 cum
1145 1237 1337 1327 prior
1390 1252 1553 1327 pars
1611 1237 1804 1309 chori
1859 1237 2401 1326 introductioniS,
2453 1252 2616 1329 par·
2705 1254 2708 1257 ’

270 1344 474 1414 odam
530 1345 705 1432 dico,
766 1367 828 1413 v.
904 1339 1314 1411 150—215
1373 1346 1625 1435 partim
1663 1329 1750 1410 τὰ
1779 1339 2409 1436 προπεπραγμένα
2430 1359 2612 1416 com·

270 1461 622 1547 memoret,
679 1452 931 1542 partim
988 1451 1122 1542 ipsi
1177 1462 1514 1523 momento
1572 1451 1862 1525 actionis
1919 1451 2295 1527 nectendae
2359 1472 2433 1522 se
2489 1473 2611 1543 ap·

267 1560 504 1648 plicet,
564 1567 704 1628 tum
762 1559 980 1631 altera
1034 1560 1182 1631 eius
1237 1581 1399 1650 pars
1465 1559 1536 1630 id
1628 1569 1732 1631 est
1821 1559 2012 1649 prior
2102 1579 2265 1648 pars
2322 1559 2610 1650 epi‘sodii

271 1666 479 1755 primi
536 1689 599 1736 v.
667 1661 1084 1733 216—315
1143 1688 1223 1738 eo
1278 1666 1591 1757 efficitur,
1650 1665 1830 1755 quod
1885 1665 1983 1737 ibi
2040 1663 2306 1757 Oedipo
2338 1674 2614 1741 auctore

270 1774 518 1845 chorus
576 1775 910 1845 actionem
964 1774 1306 1864 inceptam
1418 1783 1776 1865 propagat.
1891 1773 1974 1843 In
2073 1772 2323 1862 Agam.
2386 1781 2649 1845 autem·

272 1881 547 1959 Aescu,
609 1889 681 1951 ut
738 1882 1020 1952 alterius
1075 1881 1348 1971 generis
1457 1883 1842 1971 exemplum
1948 1879 2367 1972 depromam,
2457 1902 2611 1952 cum

200 2028 217 2041 κ
270 1987 446 2058 duae
500 1989 766 2083 priores
823 1998 1056 2079 partes
1114 1989 1305 2060 chori
1360 1989 1882 2087 introductionis
1938 2010 2003 2059 v.
2102 1981 2204 2053 40
2265 2021 2365 2036 --
2436 1982 2606 2078 103,

276 2089 720 2185 lotz-259,
781 2097 1021 2186 quibus
1079 2095 1341 2168 duabus
1396 2096 1694 2186 paredus
1751 2095 2197 2171 Aristotelica
2288 2094 2605 2187 efficitur,

268 2203 523 2291 partim
581 2188 664 2268 τὰ
719 2201 1372 2296 προπεπραγμένα,
1432 2204 1684 2294 partim
1739 2223 1893 2274 eum
1984 2211 2261 2292 statum,
2346 2203 2473 2291 qui
2572 2224 2614 2275 a

267 2319 604 2381 momento
661 2312 951 2382 actionis
1017 2311 1390 2401 nectendae
1463 2310 1733 2399 pendet,
1813 2318 2121 2400 spectent
2204 2306 2317 2397 (cf.
2381 2331 2445 2380 V.
2510 2304 2607 2376 83

170 2428 177 2437 ’
266 2412 466 2508 seq.),
525 2426 668 2488 tum
723 2419 795 2488 in
850 2420 1057 2490 tertia
1112 2419 1258 2489 eius
1315 2427 1512 2508 parte
1576 2417 1648 2489 id
1704 2427 1806 2489 est
1863 2418 1936 2488 in
1989 2425 2136 2509 wtoto
2191 2418 2413 2508 primo
2468 2416 2612 2508 epi·

265 2525 458 2608 sodio
539 2548 604 2596 v,
696 2509 1114 2591 270—378
1176 2527 1420 2598 chorus
1476 2527 1547 2596 in
1622 2526 1957 2597 actionem
2049 2545 2174 2616 per
2260 2524 2441 2617 Clyt.
2530 2545 2610 2595 eo

266 2632 630 2724 inducitur,
685 2633 861 2723 quod
919 2635 982 2704 ei
1039 2634 1163 2705 illa
1219 2655 1301 2705 ea
1358 2633 1948 2705 commutationem
2014 2641 2229 2703 status
2282 2628 2605 2722 primarii

265 2750 566 2821 enarrat,
627 2761 761 2829 qua
816 2750 1229 2812 momentum
1286 2741 1572 2812 actionis
1626 2730 2003 2833 ne'ctendae
2057 2762 2122 2809 v.
2217 2734 2311 2804 22
2358 2772 2458 2785 —-—
2505 2733 2603 2804 39

267 2847 651 2922 adducitur.
706 2848 835 2919 His
893 2848 1152 2920 duobus
1207 2848 1561 2939 exemplis,
1621 2848 1866 2936 quibus
1925 2846 2057 2918 duo
2114 2867 2371 2937 genera
2411 2846 2609 2917 chori

264 2964 415 3044 post
469 2954 738 3026 initium
795 2957 1083 3027 actionis
1141 2954 1614 3027 introducendi
1671 2947 2123 3044 illustrantur,
2185 2963 2418 3025 nostra
2452 2975 2607 3024 sen·

264 3062 477 3132 tentia
534 3063 702 3134 satis
752 3062 1125 3153 explanata
1180 3073 1246 3134 et
1301 3062 1701 3135 confirmata
1760 3072 1881 3134 est.
1915 3048 2205 3133 Tantum
2244 3061 2599 3152 Sophoclis

265 3169 614 3258 Antigona
671 3171 758 3241 ab
814 3192 896 3241 ea
952 3170 1346 3261 discrepare
1401 3170 1690 3255 videtur,
1747 3170 1910 3259 quia
1965 3169 2085 3257 ibi,
2118 3169 2388 3251 etiamsi
2409 3170 2601 3241 chori

266 3277 676 3351 introductio
732 3288 880 3365 post
936 3287 1345 3349 momentum
1402 3277 1689 3350 actionis
1744 3275 2120 3348 nectendae
2174 3274 2275 3364 fit,
2370 3286 2603 3348 tamen

262 3405 478 3474 neque
534 3383 830 3474 paredus
897 3407 949 3456 r.
1020 3380 1434 3456 150-154
1490 3405 1707 3473 neque
1763 3385 1953 3475 prior
2006 3403 2170 3473 pars
2226 3383 2393 3473 epis.
2456 3384 2603 3473 pri·
2705 3448 2712 3461 ,

264 3494 354 3561 mi
402 3515 475 3565 v.
546 3488 690 3561 155
717 3487 984 3583 -222,
1044 3514 1179 3582 qua
1234 3493 1479 3565 chorus
1535 3493 1607 3562 in
1664 3491 2004 3565 actionem⁴
2054 3511 2177 3579 per
2234 3488 2594 3563 Creontem

266 3600 737 3689 introducitur,
797 3600 902 3671 illi
957 3614 1295 3672 momento
1349 3621 1422 3671 se
1479 3600 1806 3697 applicat,
1864 3596 1982 3669 sed
2010 3606 2275 3670 tantum
2306 3582 2392 3663 τὰ
2420 3611 2598 3690 προ-

264 3705 746 3799 :temperarem
798 3709 997 3796 huius
1054 3708 1383 3790 dramatis
1440 3706 1926 3796 perstringunt.
2026 3703 2216 3793 Quae
2270 3726 2381 3776 res
2439 3704 2601 3776 inde
2701 3730 2704 3735 ·

265 3813 589 3885 facillime
624 3816 1046 3905 explicatur,
1105 3815 1283 3904 quod
1337 3835 1554 3903 neque
1612 3813 1860 3886 chorus
1913 3834 2131 3901 neque
2189 3810 2385 3902 Creo,
2479 3813 2594 3898 qui
2637 3885 2642 3891 ,

265 3943 411 3991 eum
469 3922 540 3990 in
597 3922 931 3994 actionem
987 3923 1376 4011 introducit,
1435 3943 1585 3992 eam
1642 3942 1788 3991 rem
1844 3915 1937 4005 (v.
2009 3917 2037 3983 1
2088 3952 2190 3965 —-—
2234 3915 2361 4004 39)
2419 3920 2603 3990 scire

264 4037 561 4117 possunt,
621 4049 755 4117 qua
812 4030 1078 4101 initium
1139 4030 1430 4102 actionis
1486 4029 1685 4100 huius
1743 4027 2017 4098 fabulae
2073 4026 2459 4099 adducitur.
2572 4082 2582 4093 .

476 4286 588 4370 ¹⁸⁴²)
635 4293 776 4357 Non
820 4293 985 4357 male
1030 4293 1224 4374 igitur
1271 4289 1787 4356 Wilamowitzius
1863 4290 1928 4353 in
1977 4287 2163 4352 Herc.
2213 4287 2264 4365 1,
2315 4307 2373 4368 p.
2448 4285 2604 4348 118¹

262 4379 349 4443 de'
384 4381 654 4445 Hercule
699 4381 1041 4463 Euripideo
1089 4382 1267 4445 dixit:
1325 4381 1588 4461 „Prolog
1635 4380 1762 4443 und
1813 4378 2123 4446 Parodus‚
2170 4377 2403 4463 welche
2488 4376 2592 4443 die

259 4470 630 4554 Exposition
674 4467 939 4553 geben“.
