3417 5384
1512 1300 2109 1425 Addenda

1437 1603 1548 1675 Aa
1604 1627 1673 1697 p.
1738 1600 1831 1671 aa
1899 1640 1989 1651 -
2058 1598 2226 1706 40„

851 1779 1083 1843 Poetas
1129 1781 1277 1857 post
1321 1776 1689 1858 Euripidem
1737 1774 2035 1842 florentes
2082 1777 2164 1843 ad
2211 1774 2652 1857 simpliciorem
2716 1775 2991 1839 formam

686 1867 883 1949 rologi
929 1884 1118 1947 quam
1165 1866 1438 1948 tragicos
1485 1873 1736 1932 veteres
1782 1866 2145 1949 pervenisse
2191 1865 2469 1930 fortasse
2516 1883 2553 1930 e
2634 1865 2992 1946 tragoediis

684 1974 915 2022 enecae
962 1955 1331 2021 concludere
1376 1955 1554 2021 licet·
1604 1956 1766 2021 Nam
1815 1975 1892 2021 ex
1940 1953 1982 2016 8
2026 1956 2161 2020 eius
2206 1954 2571 2035 tragoediae
2611 1955 2921 2035 praebent
2949 1952 2992 2015 7

638 2045 984 2128 tragoediis
1028 2042 1258 2127 (8701.)
1307 2045 1372 2109 in
1419 2044 1620 2126 primo
1668 2052 1837 2121 actu,
1886 2046 2012 2127 qui,
2060 2064 2199 2109 cum
2245 2063 2361 2126 per
2406 2043 2738 2109 introitum
2808 2042 2992 2107 chori

639 2134 1114 2211 determinetur,
1159 2136 1349 2216 plane
1395 2135 1654 2218 prologo
1693 2136 2095 2203 Aristotelico
2124 2133 2490 2215 respondet,
2521 2139 2769 2199 tantum
2793 2151 2988 2198 unam

639 2242 952 2304 scaenam;
999 2243 1126 2289 una
1173 2224 1515 2303 (Phaedraz
1572 2224 1709 2304 13⁰]
1744 2226 1764 2301 )
1812 2231 2026 2290 autem
2074 2224 2231 2288 duas
2278 2241 2559 2289 scaenas.
2637 2223 2851 2302 Atque
2919 2222 2989 2285 in

639 2313 840 2395 primo
886 2318 1033 2379 actu
1079 2313 1547 2396 tragoediarum
1597 2320 1927 2396 poetarum
2003 2309 2372 2395 posterioris
2456 2312 2690 2378 aetatis
2737 2312 2990 2391 pariter

637 2408 834 2484 atque
883 2404 947 2467 in
994 2403 1252 2486 prologo
1299 2404 1768 2486 tragoediarum
1859 2409 2144 2469 veterum
2234 2402 2596 2466 continuam
2665 2401 2986 2486 actionem

639 2510 1049 2574 personarum
1095 2513 1218 2558 non
1265 2493 1664 2560 observatam
1711 2512 1852 2560 esse
1900 2490 2173 2558 Senecae
2204 2491 2531 2556 Phaedrae
2561 2491 2765 2565 docet,
2799 2491 2985 2554 cuius

639 2582 879 2663 primus
925 2588 1104 2648 actus
1152 2578 1238 2664 (v.
1288 2578 1402 2663 84)
1451 2600 1591 2648 eam
1637 2584 2062 2667 interruptam
2110 2582 2396 2664 praebet.

1510 2786 1615 2857 Ad
1670 2810 1740 2879 p.
1803 2781 1926 2878 42,
1988 2780 2111 2852 44.

848 2937 923 3002 In
972 2937 1010 3000 7
1056 2937 1333 3004 Senecae
1380 2941 1728 3022 tragoediis
1776 2938 2101 3023 (87¹lz⁰l0)
2148 2939 2391 3022 primus
2436 2945 2636 3017 actae,
2684 2938 2837 3018 ,qui‚
2912 2944 2991 3004 ut

633 3027 823 3109 paulo
869 3032 1018 3092 ante
1063 3028 1213 3106 dixi,
1261 3029 1515 3112 prologo
1560 3034 1725 3112 trag.
1776 3031 1996 3096 Graec.
2044 3030 2457 3111 adaequatur,
2532 3039 2784 3109 semper
2830 3046 2983 3109 per·

636 3135 930 3182 sonarum
977 3117 1155 3183 abitu
1201 3115 1446 3188 finitur,
1492 3119 1585 3185 ita
1633 3127 1708 3184 ut
1754 3121 1926 3185 chori
1971 3120 2272 3185 introitus
2318 3119 2383 3184 in
2432 3137 2723 3184 scaenam
2772 3135 2987 3199 aper·

634 3206 805 3271 sonis
851 3205 1279 3272 vacuefactam
1326 3205 1462 3273 fiat.
1486 3208 1761 3275 Tantum
1782 3210 1845 3275 in
1865 3230 1989 3275 una
2010 3209 2357 3291 tragoedia,
2381 3208 2610 3273 Troad.
2632 3202 2986 3287 (12¹s2⁰l0)‚

633 3295 893 3377 prologo
938 3293 1116 3361 finito
1164 3314 1389 3361 scaena
1437 3317 1476 3362 a
1522 3300 1808 3379 personis
1854 3316 1978 3364 non
2024 3317 2219 3364 vacua
2268 3303 2388 3374 est,
2438 3297 2585 3379 quia
2633 3297 2740 3375 ad,
2786 3313 2983 3378 paro·

633 3384 781 3449 dum
827 3386 1260 3450 commaticam
1307 3385 1701 3454 efficiendam
1753 3389 2007 3454 Hecuba
2053 3388 2413 3453 necessaria
2480 3391 2640 3452 erat.
2720 3384 2847 3451 Sed
2901 3384 2984 3450 de

634 3473 752 3538 hac
797 3493 868 3538 re
914 3474 1041 3538 iam
1087 3475 1152 3538 in
1198 3475 1337 3556 ipsa
1384 3476 1635 3543 dissert.
1687 3478 1847 3543 satis
1894 3478 2130 3543 dictum
2212 3483 2331 3543 est.
2424 3477 2649 3555 Itaque
2743 3469 2983 3556 poetae

633 3563 1001 3642 posterioris
1045 3565 1283 3629 aetatis
1330 3567 1665 3648 praecipue
1715 3567 2018 3649 parodum
2064 3586 2103 3632 a
2194 3567 2379 3631 choro
2428 3565 2557 3631 solo
2651 3569 2981 3630 cantatam

634 3669 977 3733 usurpasse
1022 3652 1338 3719 videntur.

845 3760 1056 3841 Atque
1104 3761 1374 3841 primum
1421 3762 1755 3842 choricum,
1804 3783 1926 3844 quo
1973 3764 2198 3829 chorus
2257 3765 2425 3846 apud
2516 3764 2820 3830 Senecam
2916 3760 2983 3824 in

632 3866 926 3913 scaenam
973 3850 1390 3916 introducitur
1436 3852 1747 3933 simulque
1793 3853 2031 3933 primus
2069 3859 2248 3918 actus
2296 3855 2375 3918 ab
2424 3854 2623 3918 altero
2675 3849 2982 3931 disiungi·

631 3944 758 4014 tur,
805 3939 1046 4019 pariter
1092 3946 1283 4021 atque
1329 3943 1602 4021 parodus
1650 3942 2056 4008 Aristotelica
2102 3944 2297 4007 etiam
2373 3941 2774 4007 vestimentis
2839 3957 2983 4002 mu-

631 4027 844 4092 tandis
897 4028 1027 4093 sive
1073 4029 1303 4107 speciei
1350 4031 1442 4094 rei
1488 4030 1697 4095 factae
1745 4031 2120 4097 servandam
2166 4032 2298 4098 sive
2347 4033 2598 4113 utrique
2645 4030 2736 4094 rei
2775 4029 2951 4093 inser

631 4116 766 4180 vire
812 4123 1047 4195 potest.
1095 4118 1197 4183 Ita
1244 4119 1515 4199 primum
1563 4119 1879 4185 choricum
1926 4120 1992 4185 in
2040 4122 2282 4186 duabus
2330 4121 2675 4202 tragoediis
2763 4117 2982 4192 (Herc.

631 4204 679 4269 f.
734 4202 1101 4283 125—201,
1150 4207 1373 4289 Agam.
1424 4206 1767 4286 57÷÷107>
1808 4204 1915 4291 [25
1948 4207 2029 4293 [0]
2077 4210 2158 4275 ad
2188 4213 2573 4276 vestimenta
2603 4208 2987 4275 histrionum

631 4296 964 4363 mutanda,
1012 4296 1077 4359 in
1125 4315 1248 4360 una
1295 4296 1612 4375 (Phaedra
1660 4295 2042 4369 274-357)
2089 4293 2387 4382 [12¹l2⁰!0]
2435 4300 2516 4364 ad
2566 4300 2840 4378 speciem
2889 4298 2988 4360 rei

632 4384 843 4448 factae
890 4385 1282 4457 servandam,
1333 4387 1399 4450 in
1446 4387 1690 4451 duabus
1738 4393 1908 4469 trag·
1961 4388 2262 4470 (Thyeste
2315 4386 2440 4449 122
2474 4422 2555 4431 —-
2593 4388 2742 4461 175,
2795 4385 2985 4449 Herc.

631 4472 772 4537 Oet.
827 4471 1203 4554 104—172)
1253 4468 1471 4558 [25⁰l0]
1518 4476 1600 4540 ad
1647 4482 1985 4557 utramque
2033 4496 2168 4541 rem
2234 4479 2648 4560 compositum
2700 4475 2954 4543 esse-vi
