3417 5384
682 454 783 525 44

679 674 860 743 inter
914 672 1272 761 prologum
1326 682 1392 743 et
1446 673 1744 762 primum
1773 671 2176 761 ‘episodium
2216 671 2304 742 ad
2333 672 2633 760 speciem
2661 671 2763 743 rei
2801 669 3030 743 factae

680 779 1089 850 servandam
1143 800 1649 867 nonnumquam
1703 779 2129 850 intercedere
2186 778 2496 851 debebat.
2575 776 2769 865 Quod
2822 798 3026 867 prae·

684 887 880 974 cipue
936 885 1092 956 fieri
1148 887 1386 976 potuit,
1447 887 1506 957 si
1563 887 1883 975 prologus
1939 885 2214 957 fabulae
2288 906 2367 956 eo
2412 885 2634 974 modo,
2696 905 2898 974 quem
2950 884 3026 954 in

676 992 945 1082 prologi
1002 992 1532 1064 conformatione
1587 993 1907 1065 scaenica
1964 993 2510 1081 commemoravi,
2553 1013 2704 1063 cum
2757 992 3025 1063 actione

678 1101 1071 1170 coniunctus
1144 1090 1412 1185 erat99).

890 1206 1190 1277 Numero
1247 1216 1550 1278 actorum
1625 1208 1712 1278 ab
1772 1227 1902 1276 uno
1961 1206 2047 1277 ad
2104 1215 2243 1276 tres
2301 1214 2499 1275 aucto
2555 1205 2756 1286 ratio,
2816 1224 3026 1292 quam

676 1314 858 1384 inter
910 1313 1244 1402 parodum
1317 1324 1383 1384 et
1456 1314 1811 1403 prologum
1895 1313 2321 1403 primumque
2377 1311 2755 1401 episodium
2809 1311 3023 1381 inter-

677 1419 919 1491 cedere
975 1420 1292 1509 diximus,
1379 1430 1789 1492 commutata
1863 1430 1987 1491 est.
2068 1420 2173 1490 Ac
2246 1419 2541 1508 primum
2596 1418 2891 1506 quidem,
2949 1427 3066 1491 ut,

675 1527 821 1596 iam·
873 1528 944 1595 in
1000 1527 1268 1616 prologi
1326 1526 1860 1598 conformatione
1915 1528 2234 1597 scaenica
2289 1525 2655 1596 tractanda
2712 1525 2878 1613 dixi,
2940 1545 3025 1594 ea

673 1654 911 1722 pausa,
972 1655 1174 1722 quam
1255 1633 1553 1723 parodus
1645 1634 2039 1722 praebebat,
2161 1654 2381 1720 neque
2436 1632 2526 1702 ad
2616 1632 3024 1702 vestimenta

671 1739 998 1810 mutanda
1051 1761 1270 1828 neque
1325 1740 1415 1811 ad
1469 1742 1765 1829 speciem
1820 1741 1923 1810 rei
1992 1739 2218 1810 factae
2291 1739 2703 1810 servandam
2782 1758 3023 1809 neces·

673 1847 857 1918 sario
916 1844 1307 1918 adhibenda
1390 1856 1560 1917 erat.
1649 1848 1971 1936 quoniam
2054 1867 2205 1917 eam
2289 1867 2574 1934 pausam
2640 1864 2820 1916 nunc
2885 1865 3025 1917 non

672 1954 887 2023 solum
944 1954 1262 2043 parodus‚
1323 1955 1442 2024 sed
1500 1956 1707 2025 etiam
1761 1953 2176 2042 colloquium
2231 1953 2639 2024 histrionum
2686 1953 3022 2041 praebere

668 2051 1044 2149 potuit¹00).
1121 2062 1230 2131 Ita
1284 2060 1390 2150 fit,-
1464 2070 1536 2131 ut
1608 2083 1689 2132 ex
1769 2055 1866 2126 28
1943 2059 2214 2149 parodis
2288 2061 2465 2130 inter
2541 2060 2898 2149 prologum
2954 2067 3023 2130 et

668 2167 963 2256 primum
985 2167 1359 2256 episodium
1399 2169 1637 2258 positis
1668 2177 2008 2256 quattuor,
2049 2188 2292 2258 nempe
2326 2166 2532 2256 Hipp.
2577 2159 3015 2252 121-169,

669 2273 896 2363 Iphig.
955 2273 1161 2345 Taur.
1237 2268 1669 2357 123-235,
1711 2274 1969 2345 Phoen.
2018 2268 2463 2361 ‘zoa—260,
2506 2273 2757 2344 Bacch.
2807 2268 3012 2339 64—-

678 2373 820 2444 169
882 2375 1150 2466 (1401‘0)
1206 2402 1491 2468 pausam
1549 2380 1636 2451 ad
1693 2382 2099 2451 vestimenta
2144 2379 2473 2451 mutanda
2524 2380 3014 2468 necessariam,

670 2486 801 2557 duo
860 2485 1132 2576 Septem
1194 2482 1555 2554 78-164
1616 2500 1683 2558 et
1734 2492 1980 2577 Agam.
2028 2477 2531 2572 40n-269101)
2599 2475 2814 2579 (7⁰(0)
2845 2507 3014 2574 pau-

667 2614 814 2663 sam
869 2594 1191 2684 temporis
1248 2595 1336 2665 ad
1392 2597 1690 2685 speciem
1754 2597 1857 2665 rei
1921 2594 2146 2667 factae
2207 2594 2621 2669 servandam
2677 2594 3015 2664 intermit-

663 2700 872 2783 tendi,
934 2722 1072 2771 una
1127 2710 1389 2772 tantum
1446 2703 1628 2772 Aiax
1694 2696 2109 2768 134-—200
2168 2688 2474 2794 (2¹l2‘'lo)
2524 2701 2872 2790 utriusque
2912 2701 3064 2773 rei:-

665 2827 758 2876 sc.
819 2816 887 2877 et
940 2809 1495 2878 vestimentorum
1549 2808 2027 2879 mutandorum
2076 2818 2144 2880 et
2188 2808 2526 2897 temporis¹
2571 2807 2659 2878 ad
2713 2807 3014 2897 speciem

662 2914 762 2983 rei
820 2913 1044 2984 factae
1099 2914 1510 2986 servandam
1565 2915 2062 2986 intermittendi
2093 2936 2380 3004 pausam
2416 2915 2814 3003 praebeant,
2859 2934 3039 3000 cum.-

661 3040 894 3091 omnes
932 3028 1201 3091 ceterae
1236 3021 1479 3111 parodi
1502 3009 1864 3115 (7:51s2010)
1891 3043 2108 3111 neque
2146 3023 2702 3093 vestimentorum
2742 3029 3004 3095 mutan·
3056 3072 3065 3096 2

663 3126 902 3197 dorum
956 3148 1177 3216 neque
1229 3129 1553 3217 temporis
1609 3128 1701 3198 ad
1764 3130 2062 3218 speciem
2137 3130 2240 3199 rei
2315 3127 2539 3200 factae
2594 3128 3011 3199 servandam

878 3349 957 3430 ⁹⁹)
1007 3352 1086 3418 cf
1148 3372 1209 3434 p.
1260 3351 1347 3415 38
1391 3354 1563 3427 (adn.
1618 3352 1724 3425 87,
1775 3351 1911 3431 88).

881 3439 961 3481 ¹⁰⁰
969 3442 1015 3516 )·
1037 3442 1139 3506 Ita
1172 3461 1250 3507 ιιι
1296 3443 1449 3507 Eur.
1499 3443 1758 3509 Hecuba
1803 3441 2052 3514 histrio,
2147 3444 2254 3524 qui
2346 3450 2413 3511 et
2480 3448 2697 3522 partes
2744 3406 3048 3506 umbrae

657 3531 987 3613 Polydori
999 3537 1066 3595 et
1115 3536 1330 3611 partes
1377 3532 1582 3598 Ulixis
1613 3534 1890 3613 agebat
1986 3551 2268 3617 pausam,
2362 3550 2552 3612 quam
2612 3532 2888 3611 paredus
2934 3550 3000 3594 v
3053 3610 3060 3615 ,

659 3617 967 3681 98—177
1015 3621 1381 3698 praebebat
1430 3640 1556 3686 non
1601 3622 1684 3686 ad
1777 3622 2192 3686 verstimenta
2284 3620 2589 3685 mutanda
2636 3619 3044 3684 ιιθαθεειῑίό
3063 3698 3068 3705 .

655 3706 955 3772 adhibere
1003 3708 1293 3786 debebat,
1342 3711 1488 3791 quia
1534 3711 1616 3774 ad
1662 3711 1730 3774 id
1777 3709 2180 3775 efficiendum
2227 3710 2422 3773 etiam
2506 3729 2570 3771 v
2628 3704 2840 3770 178-
2850 3707 3000 3782 215,

655 3799 763 3862 ubi
812 3798 1128 3880 Polyxena
1175 3816 1315 3863 cum
1363 3800 1623 3865 Hecuba
1662 3800 2057 3881 colloquitur,
2106 3806 2359 3879 tempus
2418 3798 2725 3880 praebere
2774 3802 3002 3878 potue·

653 3893 822 3951 runt.
872 3886 1177 3953 Similiter
1219 3888 1285 3951 in
1331 3888 1502 3968 soph
1571 3889 1789 3969 Antig.
1834 3907 1982 3952 non..
2005 3888 2365 3954 necessario
2412 3887 2700 3966 paredus,
2755 3906 2812 3950 v.
2867 3883 3000 3947 100

654 3977 877 4037 -154
923 3977 990 4040 id
1036 3983 1293 4059 tempus
1338 3978 1644 4057 praebere
1691 3979 1903 4054 debet,
1949 3978 2117 4058 quod
2143 3977 2246 4041 ad
2292 3977 2570 4058 speciem
2616 3976 2710 4041 rei
2791 3975 3002 4041 factae
3051 4020 3058 4042 2

654 4065 1028 4129 servandam
1073 4066 1243 4130 inter
1287 4067 1530 4130 abitum
1580 4067 1778 4148 Antig
1821 4085 1881 4130 v,
1929 4065 2017 4127 99
2066 4072 2133 4131 et
2205 4067 2536 4131 introitum
2610 4065 2892 4132 alsindis
2937 4084 2997 4129 v.
3035 4093 3062 4132 ι

654 4150 797 4215 222
831 4154 1380 4220 intermittendum
1427 4161 1586 4231 erat,
1638 4156 1954 4236 quoniam
1980 4156 2045 4220 id
2091 4162 2344 4236 tempus
2390 4155 2588 4220 etiam
2609 4172 2818 4220 sermo
2842 4153 2994 4219 Cre·
3051 4187 3061 4219 ε

651 4243 819 4307 ontis
865 4263 930 4306 v
982 4240 1187 4307 155-
1205 4241 1336 4306 222
1382 4245 1688 4324 praebere
1735 4246 1963 4325 potuit.
2974 4286 2986 4299 .
3053 4298 3061 4310 .

875 4330 983 4411 ¹⁰¹)
1032 4333 1088 4396 E
1136 4333 1383 4413 quibus,
1433 4350 1573 4398 cum
1619 4353 1677 4397 v.
1731 4332 1812 4396 83
1864 4332 2024 4416 Clyt.
2073 4334 2140 4400 in
2186 4351 2480 4398 scaenam
2518 4332 2814 4449 prodeat,
2855 4337 2995 4396 tan·

655 4427 792 4485 tum
839 4440 900 4486 v.
955 4422 1117 4485 40-
1131 4419 1218 4481 82
1264 4423 1328 4486 id
1376 4428 1627 4502 tempus
1662 4423 1982 4504 praebere
2024 4422 2335 4487 videntur
