3417 5384
550 446 553 447 ἦ
633 493 732 564 86

594 676 938 785 ⁸chorico
965 713 1105 784 vel
1130 712 1409 803 paredo,
1449 712 1627 783 unde
1682 667 2070 802 tragoedia
2088 713 2358 813 initium
2410 703 2753 804 capiebat,
2817 686 2980 804 par-s
3041 700 3078 737 ²

628 821 1021 891 recitatoris
1078 816 1460 923 praemissa
1514 827 1726 898 esset.
1778 808 2103 893 nimirum
2158 818 2413 892 fact-um
2465 829 2590 910 est,
2639 829 2722 890 ut
2773 819 2980 909 prop*-

537 1006 543 1009 v
626 935 735 997 ter
791 916 1352 999 distributionem
1393 919 1759 998 consonam
1817 930 2018 1015 atque
2075 916 2559 1025 congruentem
2616 914 2978 998 restitneri-

628 1033 791 1104 dam
848 1034 1081 1104 etiam
1130 1032 1291 1103 finis
1355 1032 1755 1122 tragoediae
1808 1054 1931 1123 per
1989 1028 2379 1104 recitatoris
2437 1040 2706 1123 partem
2764 1033 2977 1103 8(1(1ιι’-

629 1149 923 1212 ceretur.
985 1136 1413 1229 Quapropter
1469 1140 1558 1210 ad
1614 1130 1811 1210 chori
1866 1161 1904 1210 e
1958 1134 2208 1211 scaena
2269 1140 2527 1211 abitum
2567 1134 2775 1211 etiam
2812 1160 2979 1233 nonf

628 1242 820 1317 nulla
868 1256 1039 1338 48)(88.
1102 1267 1303 1335 anap.
1365 1248 1452 1317 ab
1490 1246 1636 1316 eius
1677 1246 1847 1316 duce
1890 1246 2087 1331 dicta
2145 1245 2462 1318 sufficere
2517 1247 2980 1327 necessarium

627 1364 801 1424 erat.
832 1351 1097 1440 Quam
1154 1354 1721 1443 permutationem
1795 1375 1948 1427 non
2002 1374 2142 1424 uno
2211 1354 2371 1443 ictu,
2423 1353 2574 1424 sed
2647 1354 2996 1457 paulatim²

628 1449 832 1549 atque
888 1455 1262 1549 gradatim
1286 1459 1539 1531 factam
1616 1481 1766 1531 esse
1838 1480 1961 1549 per
2026 1481 2098 1530 se
2153 1448 2599 1550 intellegitur
2661 1457 2769 1531 Ob
2826 1480 2977 1533 eam

524 1553 553 1591 ⁵
632 1586 778 1637 ι8ιιι
833 1589 913 1638 eo
984 1563 1309 1656 tempore,
1380 1587 1517 1657 ¹quo
1572 1567 1895 1664 prologus
1964 1567 2174 1637 nimis
2258 1588 2474 1643 novus
2559 1566 2710 1647 fuit,
2733 1567 2978 1638 etiam

560 1640 1050 1763 ,tragoediam
1109 1693 1282 1761 quae
1330 1673 1426 1745 ab
1483 1694 1564 1743 eo
1637 1673 1906 1742 initium
1980 1672 2338 1763 ducebant,
2415 1695 2540 1761 per
2594 1695 2801 1742 unum
2856 1671 2978 1763 μέ·
3051 1706 3060 1707 ff

535 1829 540 1832 .
634 1773 770 1849 λος
824 1774 1061 1877 χόροῦ
1117 1779 1306 1849 finiri
1360 1781 1682 1868 potuisse.
1726 1788 1800 1848 ut
1835 1780 2152 1870 invicem,
2205 1781 2333 1850 hoc
2380 1789 2503 1869 est,
2557 1779 2977 1869 tragoediae,

564 1986 566 1988 V
629 1907 807 1976 quae
862 1887 1130 1982 initium
1217 1909 1259 1961 a
1314 1879 1564 1976 ’μέλος
1656 1891 1894 1980 χοροῦ
1977 1888 2353 1975 sumebant,
2431 1836 2586 1981 pari
2644 1885 2843 1958 modo
2900 1906 2982 1956 ac

632 1994 1054 2084 tragoedias,
1074 1991 1084 2051 ἔ
1140 1991 1314 2081 quae
1398 1994 1754 2083 prologum
1795 2042 1796 2049 κ
1836 1993 2208 2075 habebant,
2283 2015 2407 2082 per
2482 1992 2977 2081 recitationem,

514 2106 517 2109 “
631 2091 842 2171 veluti
881 2101 1132 2171 Aesch.
1168 2096 1394 2187 ‘Pers-⁴,
1439 2099 1750 2185 concludi
1792 2095 2088 2188 potuisse
2129 2100 2503 2177 verisimile
2559 2109 2689 2170 est.
2755 2099 2983 2187 Atque

536 2207 562 2266 ἶ
612 2209 694 2297 ,si
747 2209 920 2279 haec
977 2209 1075 2279 ita
1129 2215 1308 2294 sunt,
1385 2207 1508 2276 illa,
1583 2207 1887 2289 inventio
1924 2206 2326 2295 Phrynichi,
2386 2205 2540 2289 dico
2597 2207 2976 2296 prologum.

634 2330 768 2403 qua
852 2315 1120 2392 initium
1201 2313 1598 2402 tragoediae
1649 2306 2158 2394 «commutatum
2215 2322 2337 2387 est,
2413 2313 2598 2383 >tanti
2659 2313 2980 2383 momenti

596 2421 845 2491 ‘fuisse
900 2415 1194 2508 videtur,
1262 2429 1336 2489 ut
1391 2411 1551 2490 inde
1606 2420 1809 2492 etiam
1850 2421 2364 2492 transformatio
2402 2420 2684 2490 ultimae
2758 2420 2979 2509 part-is

626 2506 1029 2617 tragoediae
1080 2526 1495 2597 efficeretur
1558 2526 1665 2596 Ita
1721 2528 1806 2597 18
1849 2528 2240 2597 universum
2295 2549 2448 2599 mea
2495 2527 2784 2615 quidem
2825 2546 2977 2597 sen-

496 2730 499 2731 ,
573 2644 579 2648 ’
630 2635 846 2706 tentia
901 2630 1169 2706 factum
1186 2625 1332 2716 '‚est
1389 2641 1465 2703 ut
1519 2621 1772 2705 exodus
1827 2644 1961 2703 non
2019 2624 2309 2722 amplius
2382 2614 2692 2704 ultimum
2752 2633 3010 2723 choris

586 2780 589 2783 ·
631 2739 781 2811 cum
839 2733 1289 2831 significaret,
1349 2741 1503 2811 sed
1522 2740 1834 2811 ultimum
1891 2741 2291 2829 episodium,
2346 2761 2550 2829 quam
2589 2761 2731 2810 rem
2774 2740 2982 2809 etiam

627 2849 1037 2918 Aristoteles
1093 2867 1216 2917 sua
1273 2846 1668 2918 definitione
1726 2847 1959 2919 exodi
1989 2829 2331 2936 probavit.

849 3042 1016 3113 Cum
1071 3042 1283 3131 igitur
1337 3041 1590 3113 exodus
1666 2996 2111 3115 Aristotelica
2183 3044 2390 3114 nihil
2436 3038 2621 3112 aliud
2698 3042 2788 3111 sit
2843 3041 2980 3111 nisi

628 3150 940 3220 ultimum
976 3131 1351 3238 episodium
1370 3149 1904 3238 tragoediarum,
1941 3171 2043 3224 88
2085 3171 2260 3237 quae
2299 3149 2383 3219 de
2413 3134 2702 3237 episodii
2758 3147 2981 3218 forma

631 3257 964 3346 primaria
1022 3257 1297 3343 eiusque
1352 3256 1839 3327 mutationibus
1896 3256 2062 3326 inde
2130 3279 2169 3325 a
2247 3254 2645 3344 primordiis
2702 3263 2977 3343 tragoe-

568 3375 572 3379 ’
629 3360 899 3433 diarum
957 3361 1326 3452 usquead
1366 3362 1771 3453 Euripidem
1835 3358 2006 3451 dixi}
2064 3364 2272 3433 etiam
2328 3362 2412 3432 de
2467 3361 2686 3469 exodo
2744 3362 2979 3432 valere

552 3504 555 3507 2
614 3460 754 3560 'per
810 3490 883 3540 se
939 3464 1377 3558 intellegitur.
1453 3468 1710 3556 Jtaque
1784 3469 2037 3539 exodus
2102 3470 2256 3558 pari
2292 3468 2511 3554 modo
2569 3485 2773 3555 atque
2830 3468 2972 3556 epi-
3002 3543 3006 3546 ‚

632 3574 892 3648 sodium
951 3597 1028 3647 eo
1084 3587 1405 3667 tempore,
1493 3598 1621 3664 quo
1687 3585 1928 3665 poetae
1994 3585 2255 3647 tantum
2311 3598 2515 3644 unum
2572 3575 2976 3646 histrionem
3081 3614 3082 3617 =

624 3681 997 3771 habebant,
1056 3681 1197 3753 fere
1252 3702 1520 3771 semper
1576 3682 1662 3752 ab
1741 3683 2126 3778 accessione
2199 3683 2414 3802 ipsius
2469 3682 2827 3752 histrionis
2885 3665 2977 3751 8(1

627 3789 932 3878 chorum,
990 3798 1344 3880 postquam
1402 3788 1520 3858 ille
1573 3789 1884 3859 ultimum
1940 3788 2295 3887 Stasimum
2342 3788 2413 3858 in
2452 3810 2700 3876 scaena
2740 3810 2781 3858 8
2817 3808 2974 3876 per-

623 3897 811 3967 sonis
868 3895 1265 3967 vacuefacta
1339 3896 1700 3978 cecinerat,
1779 3896 2047 3986 initium
2121 3916 2368 3985 capere
2444 3896 2731 3976 solebat.
2774 3884 2994 4006 unde
3093 3885 3098 3889 ’

582 4122 592 4129 ”
624 4122 696 4169 re
743 4105 902 4168 vera
968 4104 1257 4175 ultimum
1349 4103 1701 4184 episodium
1750 4104 1855 4178 sit,
1905 4123 2030 4168 non
2120 4103 2362 4166 veritus
2456 4121 2624 4169 sum.
2710 4102 2860 4182 quin
2907 4102 2975 4187 in

626 4194 995 4274 appendice,
1045 4193 1153 4256 ubi
1201 4192 1565 4272 tragoedias
1612 4192 1959 4258 Aristotele
2009 4192 2166 4255 duce
2213 4193 2307 4254 in
2327 4192 2609 4273 singulas
2650 4191 2976 4255 scaenicas

443 4263 446 4266 ⁴
557 4336 565 4341 .
626 4288 845 4364 partes
894 4282 1098 4357 divisi,
1147 4280 1228 4344 ad
1275 4280 1543 4344 exodum
1589 4280 1776 4346 huius
1824 4281 2192 4371 tragoediae
2240 4301 2364 4344 non
2414 4280 2630 4345 solum
2694 4282 2975 4357 χορικόν,

621 4389 748 4452 quo
795 4371 952 4435 haec
1001 4369 1329 4451 tragoedia
1380 4369 1789 4437 concluditur
1842 4371 1953 4434 sed
2000 4368 2193 4434 etiam
2240 4370 2530 4434 ultimam
2578 4374 2824 4449 partem
2865 4386 2974 4433 ac·

622 4459 818 4523 tionis
863 4459 1298 4524 histrionalem
1360 4457 1734 4522 referrem.-

3409 4802 3415 4835 1

2915 5264 2984 5305 ‘..
3233 5290 3250 5305 ΙΙ
3327 5260 3342 5285 =

2829 5348 2832 5351 .
2898 5319 2904 5354 ζ
3013 5330 3050 5353 ‘t
3097 5020 3415 5382 A

2913 5360 3046 5381 -,-=1..‚
