3417 5384
571 438 717 513 102

559 671 699 731 tum
764 657 802 727 2
863 663 1259 752 tragoediae
1314 683 1399 732 ex
1467 655 1554 726 16
1642 671 1850 751 trag,
1909 683 2077 749 quas
2159 669 2533 732 tractamus
2616 660 2688 729 in
2770 660 2905 730 hac

560 770 857 859 dissert,
919 773 1173 859 carent,
1234 778 1433 859 poeta
1487 790 1869 860 proponere
1923 768 2093 840 solet
2148 778 2264 839 aut
2302 791 2385 840 ea
2421 777 2726 840 extrema
2757 772 2905 830 τῶν

421 916 431 926 ·
559 873 1269 969 προπεπραγμένων,
1330 897 1505 966 quae
1558 878 1782 966 ipsum
1836 883 2246 948 momentum
2304 876 2592 947 actionis
2630 883 2901 946 necten-

562 982 690 1054 dae
746 983 1173 1065 antecedunt,
1236 984 1446 1055 veluti
1502 984 1574 1054 in
1629 974 1885 1056 Medea
1942 978 2037 1050 49
2091 1005 2230 1072 seq.
2273 992 2391 1054 aut
2425 983 2618 1073 talia,
2659 981 2903 1070 quibus

501 1116 507 1120 >
559 1089 763 1160 facile
819 1089 1005 1162 effici
1061 1100 1301 1181 potest,
1360 1100 1435 1162 ut
1487 1100 1904 1181 spectatores
1959 1093 2031 1162 in
2106 1112 2257 1162 eam
2335 1091 2548 1162 animi
2625 1088 2902 1160 affecta-

557 1198 810 1267 tionem
865 1197 1296 1288 inducantur,
1356 1220 1490 1288 qua
1546 1198 1905 1289 tragoedia
1961 1197 2299 1287 quaedam
2354 1206 2643 1278 tenetur,
2685 1196 2901 1267 veluti

558 1305 632 1374 in
659 1303 918 1378 Phoen.
955 1299 1345 1372 88-201.
1395 1305 1585 1396 Ergo
1641 1307 1816 1397 haec
1864 1306 2201 1395 colloquia
2245 1305 2654 1396 expositioni
2712 1303 2901 1374 adiu-

502 1470 508 1476 .
541 1420 786 1481 mento
824 1422 1001 1502 sunt,
1033 1414 1302 1485 etiamsi
1319 1434 1826 1504 nonnumquam
1847 1434 1998 1484 cum
2017 1413 2283 1484 actione
2304 1411 2696 1501 incipienda
2717 1411 2899 1482 coni-

561 1527 766 1589 uncta
795 1540 943 1589 esse
971 1520 1308 1592 videntur.
1343 1522 1453 1591 Ad
1483 1543 1686 1611 quam
1716 1543 1861 1591 rem
1884 1520 2479 1592 demonstrandam
2502 1541 2583 1591 ac
2600 1518 2898 1609 proban-

565 1624 724 1695 dam
751 1634 979 1699 tamen
1033 1627 1364 1698 nonnulla
1395 1629 1730 1717 colloquia
1760 1651 1910 1700 cum
1940 1629 2180 1718 specie,
2209 1629 2496 1699 actionis
2546 1627 2904 1698 coniuncta

563 1732 868 1822 proferre
975 1735 1146 1806 mihi
1254 1736 1480 1807 liceat.
1542 1735 1649 1810 Ita
1705 1759 1769 1806 v.
1835 1730 1932 1801 88
1990 1757 2130 1824 seq.
2225 1735 2461 1826 Hipp,
2550 1735 2713 1822 quia
2804 1733 2902 1803 ibi

563 1837 854 1911 famulus
909 1840 1353 1934 Hippolytum
1409 1842 1499 1914 ad
1551 1842 1891 1914 Venerem
1949 1841 2303 1914 colendam
2387 1841 2726 1913 adducere
2782 1861 2891 1910 co·

562 1957 764 2019 natus
783 1957 907 2038 est,
934 1969 1085 2020 cum
1107 1950 1373 2021 actione
1393 1951 1734 2024 coniuncti
1757 1971 1905 2021 esse
1927 1949 2260 2020 videntur⁴
2290 1950 2546 2020 Tamen
2584 1948 2903 2037 quoniam

564 2055 638 2124 hi
667 2075 910 2126 versus
937 2045 1066 2147 (88
1100 2050 1273 2146 seq.)
1307 2057 1542 2128 eodem
1587 2058 1872 2129 consilio
1919 2078 2001 2130 ac
2049 2080 2113 2128 v.
2163 2051 2257 2123 58
2300 2077 2440 2147 seq.
2481 2056 2689 2146 positi
2725 2066 2899 2138 sunt,

561 2170 636 2231 ut
687 2182 810 2232 nos
867 2164 939 2233 in
995 2185 1146 2235 eam
1230 2165 1441 2234 animi
1525 2164 1947 2237 affectionem
2031 2166 2242 2236 animi
2326 2163 2676 2252 inducant,
2765 2181 2903 2252 qua

563 2268 975 2359 Hippolytus
1028 2278 1170 2361 tota
1224 2271 1510 2360 regitur,
1569 2274 1717 2342 sine
1774 2272 1979 2343 dubio
2062 2272 2151 2342 ad
2205 2272 2701 2362 expositionem
2758 2270 2902 2340 sive

561 2377 1157 2466 praeparationem
1214 2378 1502 2450 actionis
1557 2380 1761 2451 totius
1817 2378 2090 2450 fabulae
2143 2378 2486 2452 referendi
2544 2386 2721 2450 sunt.
2764 2376 2898 2446 De-

562 2483 722 2553 inde
776 2484 848 2554 in
903 2484 1413 2576 Andromacha,
1473 2499 1545 2555 ut
1599 2488 1983 2576 exemplum
2041 2488 2319 2557 alterius
2357 2486 2631 2576 generis
2653 2534 2670 2543 -
2691 2484 2899 2556 actio-

561 2591 671 2662 nis
726 2591 1011 2682 prologo
1065 2593 1364 2665 insertae
1421 2593 1693 2683 addam,
1753 2617 1819 2664 v.
1885 2587 2192 2659 56—96
2252 2593 2741 2688 Andromacha
2797 2591 2900 2662 fa-

563 2698 817 2768 mulam
877 2699 965 2771 ad
1020 2699 1300 2771 Peleum
1353 2701 1562 2772 mittit
1616 2722 1751 2772 non
1809 2701 1947 2772 alio
2005 2701 2310 2791 consilio,
2388 2722 2594 2790 quam
2669 2717 2769 2790 eo,
2830 2708 2905 2768 ut

562 2805 768 2875 totius
823 2805 1098 2878 fabulae
1162 2808 1361 2878 'actio
1434 2815 1885 2897 praeparetur
1957 2799 2076 2899 (cf.
2157 2831 2221 2878 v.
2306 2804 2451 2874 545
2533 2801 2733 2896 seq.),
2809 2807 2900 2876 si-

561 2912 835 3000 mulque
890 2922 964 2982 ut
1018 2923 1322 2985 extrema
1376 2921 1523 2979 τῶν
1597 2913 2283 3007 προπεπραγμένων
2356 2916 2557 2987 huius
2629 2922 2899 3003 tragoe-

564 3019 720 3092 diae
775 3019 1342 3093 demonstrentur.
1401 3020 1666 3092 Deinde
1722 3022 1793 3091 in
1849 3021 2266 3100 Heraclidis,
2326 3031 2398 3093 ut
2451 3022 2640 3093 tertii
2696 3041 2897 3110 gene-

560 3126 659 3197 ris
715 3128 1094 3217 exemplum
1150 3128 1435 3200 actionis
1488 3130 1774 3219 prologo
1829 3130 2127 3201 insertae
2183 3126 2429 3217 dicam,
2475 3152 2542 3200 v.
2589 3121 2897 3199 54-72

564 3234 650 3303 ob
670 3255 820 3305 eam
841 3255 985 3305 rem
1007 3257 1157 3308 cum
1178 3237 1406 3326 specie
1427 3237 1718 3308 actionis
1740 3237 2079 3308 coniuncti
2100 3246 2274 3325 sunt,
2298 3234 2461 3325 quia
2481 3256 2691 3309 causa
2711 3236 2902 3307 chori

496 3382 505 3387 =
560 3341 1038 3414 introducendi
1096 3343 1183 3414 ad
1239 3342 1541 3414 fabulam
1613 3352 1827 3415 totam
1899 3344 2384 3415 instituendam
2476 3365 2643 3434 opus
2725 3352 2897 3413 erat.

563 3447 800 3538 Itaque
856 3451 1063 3520 etiam
1118 3450 1192 3521 hi
1250 3472 1485 3522 versus
1543 3442 1636 3534 (v.
1722 3445 2062 3537 54--72)
2138 3451 2226 3522 ad
2306 3451 2902 3542 praeparationem

562 3557 768 3628 totius
823 3555 1097 3628 fabulae
1155 3558 1301 3628 sive
1359 3558 1446 3628 ad
1503 3560 1723 3648 ipsam
1780 3559 2266 3648 expositionem
2312 3559 2709 3650 respiciunt.
2770 3555 2902 3628 Sed

565 3664 676 3734 his
720 3665 901 3761 satis
958 3663 1490 3736 demonstratum
1546 3673 1669 3754 est,
1729 3667 2163 3756 prologorum
2201 3665 2725 3756 Euripideorum
2764 3663 2900 3734 col·
2943 3724 2956 3735 .

565 3772 794 3859 loquia
831 3771 1274 3862 expositionis
1300 3782 1566 3862 partem
1598 3771 1891 3863 efficere,
1911 3774 2179 3844 etiamsi
2202 3794 2353 3844 cum
2383 3774 2597 3864 spicie
2617 3771 2902 3843 actionis

568 3878 911 3949 interdum
968 3880 1332 3951 coniuncta
1388 3888 1562 3950 sunt.
1625 3879 1937 3951 Ceterum
1993 3880 2361 3951 notandum
2400 3890 2522 3969 est,
2573 3899 2901 3950 nonnum-

564 4006 767 4074 quam
822 3986 894 4056 in
951 3985 1059 4057 his
1117 3987 1473 4075 colloquiis
1528 3987 1708 4058 ultra
1764 3997 2067 4058 extrema
2123 3993 2268 4051 τῶν
2342 3982 2900 4079 προπεπραγμέ-

566 4110 740 4183 rtur,
801 4113 966 4164 sane
1024 4093 1261 4165 eadem
1322 4094 1716 4165 condicione
1762 4103 1965 4183 atque
2012 4095 2082 4164 in
2123 4095 2498 4183 soliloquiis
2535 4093 2902 4184 procedere

562 4198 793 4281 licere,
854 4200 1066 4271 veluti
1124 4201 1276 4270 Alc.
1344 4197 1677 4280 65-71,
1738 4201 1987 4272 Troad.
2077 4197 2412 4267 48-97.
2501 4201 2734 4271 Etiam
2818 4185 2910 4263 τὰ

561 4295 706 4368 ἀπὸ
764 4309 1074 4395 σκηνῆς,
1132 4307 1376 4397 quibus
1431 4309 1707 4378 tertium
1762 4308 2165 4379 elementum
2221 4309 2658 4399 prologorum
2696 4306 2888 4376 Euri·

559 4413 913 4504 pideorum
970 4413 1287 4497 efficitur,
1367 4415 1854 4505 expositionem
1928 4437 2132 4507 quam
2179 4416 2473 4487 maxime
2549 4416 2897 4510 adiuvant,
