3417 5384
723 453 825 523 48

720 671 1103 742 introeunte
1175 680 1424 742 tacent.
1506 673 1875 745 Praeterea
1948 673 2127 744 ratio
2201 674 2586 762 argumenti
2664 674 2920 745 Bacch.
3004 683 3079 745 et

722 776 984 867 Supp1.,
1059 778 1175 849 ubi
1253 778 1340 848 ab
1413 780 1564 868 ipso
1621 779 1961 868 principio
2032 780 2430 870 tragoediae
2512 780 2795 851 chorum
2868 781 3074 851 simul

721 904 869 954 cum
927 905 1220 974 persona
1256 871 1813 976 προλογιζουσα
1865 886 1937 955 111
2000 907 2252 958 scaena
2314 887 2685 976 invenitur,
2735 887 3075 977 parodum

719 992 1197 1063 commaticam
1270 992 1656 1063 necessario
1731 1013 1868 1063 non
1941 992 2335 1082 efflagitare
2409 993 2701 1075 videtur,
2760 1004 3065 1084 propter·

717 1118 932 1187 eaque
1012 1099 1086 1167 in
1160 1098 1268 1169 his
1324 1098 1699 1188 tragoediis
1763 1099 2097 1187 parodum
2154 1121 2197 1171 a
2252 1100 2461 1172 choro
2517 1102 2661 1172 solo
2720 1109 3069 1172 cantatam

717 1205 1069 1276 habemus.
1129 1205 1234 1275 Ac
1287 1226 1377 1275 ne
1435 1206 1542 1276 cui
1598 1205 1913 1276 videatur
1967 1207 2330 1277 temerarie
2386 1229 2429 1278 a
2485 1229 2591 1277 me
2647 1206 3072 1278 affirmatum

717 1332 889 1400 esse,
949 1311 1355 1401 Euripidem
1428 1313 1500 1382 in
1577 1312 1823 1401 parodi
1899 1312 2434 1384 conformatione
2518 1315 2922 1385 commatica
2981 1316 3073 1386 ab

717 1419 869 1508 ipsa
924 1420 1193 1489 ratione
1249 1419 1634 1508 argumenti
1691 1420 2117 1508 singularum
2173 1420 2686 1510 tragoediarum
2740 1421 3067 1511 pendere,

715 1545 992 1596 necesse
1069 1534 1191 1614 est,
1260 1534 1334 1595 ut
1407 1526 1479 1595 in
1554 1526 1995 1614 sequentibus
2070 1527 2358 1598 strictim
2434 1527 2741 1616 singulas
2796 1548 3069 1617 0811888,

716 1632 959 1720 quibus
1015 1631 1138 1701 illa
1196 1632 1643 1702 conformatio
1727 1634 2132 1704 commatica
2199 1634 2504 1723 debetur,
2566 1636 3061 1706 examinemus-

713 1740 820 1809 Ac
874 1738 1170 1828 primum
1225 1738 1498 1827 quidem
1552 1740 1625 1808 in
1680 1738 1934 1810 Medea
1998 1740 2524 1812 vociferationes
2577 1740 2872 1812 Medeae
2910 1742 3071 1831 pari

715 1845 915 1917 modo
972 1853 1175 1933 atque
1231 1846 1302 1915 in
1363 1845 1753 1917 Heraclidis
1808 1846 1856 1916 J
1861 1846 2021 1930 olai,
2083 1847 2327 1935 quibus
2385 1848 2577 1919 chori
2633 1849 2706 1918 in
2745 1868 3070 1920 scaenam

719 1953 1068 2042 ingressus
1122 1954 1513 2024 necessario
1569 1952 1951 2042 adducitur,
2011 1975 2096 2025 ex
2150 1955 2300 2044 ipso
2342 1960 2740 2043 argumento
2796 1954 3071 2026 oblatae

721 2081 868 2131 esse
923 2058 1262 2129 videntur.
1325 2058 1589 2129 Deinde
1643 2060 1717 2130 in
1771 2059 2057 2132 Hecuba
2131 2070 2197 2130 et
2251 2061 2500 2131 Troad-
2564 2060 2652 2132 ad
2708 2060 3065 2133 Hecubam

718 2175 873 2256 post
929 2166 1076 2235 eius
1130 2165 1518 2236 monodiam
1573 2166 1898 2256 TroadeS,
1940 2189 1978 2237 e
2015 2168 2261 2254 quibus
2319 2168 2567 2239 chorus
2614 2168 2858 2238 harum
2895 2167 3063 2239 dua-

710 2295 863 2345 rum
944 2272 1458 2361 tragoediarum
1541 2282 1830 2355 constat,
1917 2274 2401 2346 consolandam
2484 2274 2844 2346 advenisse
2926 2295 3065 2346 non

707 2381 954 2452 mirum
1012 2394 1159 2450 esse
1212 2388 1454 2469 potest,
1514 2381 1676 2468 quia
1730 2401 1868 2451 non
1905 2381 2122 2452 solum
2162 2402 2583 2452 communem
2619 2391 2872 2453 sortem
2913 2401 3067 2452 cum

708 2509 792 2559 ea
846 2486 1124 2573 habent,
1184 2485 1307 2557 sed
1359 2487 1567 2558 etiam
1622 2488 1692 2557 in
1778 2488 2131 2558 vicinitate
2202 2488 2417 2577 ipsius
2473 2489 2617 2559 eius
2673 2497 3059 2560 versantur.

710 2595 882 2664 Tum
936 2594 1009 2663 in
1066 2591 1331 2663 Helena
1389 2613 1540 2663 cum
1594 2594 1747 2682 ipsa
1820 2594 2087 2665 Helena
2163 2594 2248 2664 ob
2333 2604 2583 2666 sortem
2660 2593 2964 2666 Menelai
3026 2617 3070 2665 a

710 2702 974 2774 Teucro
1031 2708 1450 2789 compertam
1520 2701 1837 2790 planctus
1938 2700 2284 2783 edidisset,
2369 2702 2830 2773 necessarium
2887 2711 3065 2791 erat,

711 2819 783 2878 ut
841 2808 1088 2878 chorus
1164 2827 1246 2878 ex
1324 2807 1469 2878 eius
1549 2808 1992 2896 popularibus
2077 2818 2395 2880 constans
2469 2807 2767 2879 adeam
2824 2829 3063 2879 conso·

711 2914 904 2986 landi
962 2934 1170 2985 cansa
1229 2912 1601 3002 accederet,
1672 2934 1884 3002 eoque
1938 2914 2234 3003 parodus
2292 2915 2695 2986 commatica
2751 2914 3066 2987 efficere-

710 3032 842 3093 tur.
904 3020 1151 3091 Postea
1193 3021 1297 3090 .‚in
1353 3020 1504 3109 Iph.
1583 3020 1788 3090 Taur.
1878 3021 2105 3110 Iphig.
2187 3038 2437 3093 sortem
2507 3021 2749 3094 fratris
2804 3043 3068 3111 pavens

710 3128 1005 3200 famulas
1061 3147 1219 3198 suas
1278 3126 1366 3197 ad
1440 3128 1774 3198 somnium
1847 3127 2262 3217 expiandum
2343 3128 2433 3199 ad
2488 3149 2562 3199 se
2630 3149 3063 3219 convocasse,

712 3235 893 3305 unde
948 3236 1216 3305 occasio
1271 3233 1514 3323 parodi
1571 3235 2015 3306 commaticae
2086 3236 2418 3323 nascitur,
2476 3235 2646 3307 satis
2705 3245 3060 3306 consenta-

713 3363 916 3412 neum
973 3350 1077 3412 est
1133 3349 1336 3429 atque
1394 3341 1544 3430 ipso
1592 3349 1992 3430 argumento
2030 3341 2381 3431 probatur.
2424 3333 2642 3413 Porro
2680 3342 2754 3411 in
2791 3336 3071 3413 Electra

716 3443 944 3534 (Eur.)
1004 3447 1093 3517 ad
1148 3447 1497 3520 miseriam
1552 3447 1874 3520 Electrae
1939 3446 2543 3520 demonstrandam
2600 3455 2834 3538 aptum
2889 3457 3065 3537 erat,

712 3556 1020 3645 virgines
1076 3576 1229 3625 eam
1285 3553 1374 3624 ad
1430 3575 1630 3625 sacra
1683 3553 1733 3627 J
1736 3555 1978 3626 unonis
2035 3554 2449 3626 celebranda
2503 3555 2827 3643 invitare,
2888 3554 3068 3626 unde

713 3683 950 3733 rursus
1006 3660 1305 3751 parodus
1362 3662 1694 3732 comatica
1748 3662 1928 3733 ultro
1985 3660 2297 3731 efficitur.
2358 3660 2671 3750 Denique
2707 3662 2780 3730 in
2819 3658 3066 3733 Oreste

712 3769 1177 3840 necessarium
1253 3777 1423 3858 erat,
1483 3777 1554 3838 ut
1619 3767 1904 3840 Electra
1975 3767 2262 3838 fratrem
2336 3789 2620 3857 aegrum
2676 3767 3064 3839 custodiens

713 3877 993 3947 chorum
1048 3876 1498 3947 introeuntem
1553 3883 1880 3964 moneret,
1937 3896 2026 3945 ne
2073 3873 2357 3946 fratrem
2402 3862 2696 3945 'introitu
2750 3874 3066 3946 faciendo

716 4004 753 4052 e
811 4003 1044 4053 somno
1117 3982 1470 4053 excitaret.
1558 3981 1761 4052 Tales
1835 3982 1946 4053 vel
2021 3981 2283 4053 similes
2356 3982 2747 4053 occasiones
2817 3980 3065 4071 parodi

716 4089 1116 4160 commatice
1190 4087 1719 4160 conformandae
1801 4097 2068 4159 ceterae
2141 4087 2560 4177 tragoediae,
2620 4096 2693 4157 ut
2767 4108 2809 4157 a
2863 4096 3067 4177 poeta

717 4196 1121 4267 constitutae
1195 4203 1371 4285 sunt,
1448 4216 1586 4266 non
1672 4196 2022 4285 praebent,
2107 4202 2601 4284 proptereaque
2656 4193 2802 4265 sine
2857 4193 3066 4264 dubio

716 4302 1048 4392 parodum
1108 4323 1151 4373 a
1206 4303 1412 4373 choro
1470 4303 1612 4373 solo
1669 4310 2016 4372 cantatam
2068 4302 2349 4372 habent.

930 4409 1024 4479 Ut
1081 4430 1165 4480 ex
1221 4408 1777 4480 antecedentibus
1834 4409 2073 4498 elucet,
2134 4408 2433 4479 omnium
2507 4407 3068 4484 commaticamm
