<?xml version="1.0" encoding="UTF-8"?>
<!DOCTYPE html PUBLIC "-//W3C//DTD XHTML 1.0 Transitional//EN"
    "http://www.w3.org/TR/xhtml1/DTD/xhtml1-transitional.dtd">
<html xmlns="http://www.w3.org/1999/xhtml" xml:lang="en" lang="en">
 <head>
  <title>
</title>
<meta http-equiv="Content-Type" content="text/html;charset=utf-8" />
  <meta name='ocr-system' content='tesseract 3.04.00' />
  <meta name='ocr-capabilities' content='ocr_page ocr_carea ocr_par ocr_line ocrx_word'/>
</head>
<body>
  <div class='ocr_page' id='page_1' title='image "./detragoediarumg00dechgoog_0158.png"; bbox 0 0 3417 5384; ppageno 0'>
   <div class='ocr_carea' id='block_1_1' title="bbox 1503 1359 2263 1496">
    <p class='ocr_par' dir='ltr' id='par_1_1' title="bbox 1503 1359 2263 1496">
     <span class='ocr_line' id='line_1_1' title="bbox 1503 1359 2263 1496; baseline 0.005 -29"><span class='ocrx_word' id='word_1_1' title='bbox 1503 1363 1939 1496; x_wconf 71' lang='lat' dir='ltr'>Conspectus</span> <span class='ocrx_word' id='word_1_2' title='bbox 2017 1359 2263 1471; x_wconf 83' lang='lat' dir='ltr'>libelli.</span> 
     </span>
    </p>
   </div>
   <div class='ocr_carea' id='block_1_2' title="bbox 712 1623 3073 3846">
    <p class='ocr_par' dir='ltr' id='par_1_2' title="bbox 712 1623 3073 3846">
     <span class='ocr_line' id='line_1_2' title="bbox 1046 1623 2990 1673; baseline -0.008 0"><span class='ocrx_word' id='word_1_3' title='bbox 1046 1668 1049 1673; x_wconf 92' lang='lat'><em>.</em></span> <span class='ocrx_word' id='word_1_4' title='bbox 2277 1638 2288 1647; x_wconf 47' lang='grc' dir='ltr'><em>ν</em></span> <span class='ocrx_word' id='word_1_5' title='bbox 2511 1644 2525 1655; x_wconf 81' lang='lat'>·.</span> <span class='ocrx_word' id='word_1_6' title='bbox 2798 1623 2990 1672; x_wconf 72' lang='lat' dir='ltr'>pagina</span> 
     </span>
     <span class='ocr_line' id='line_1_3' title="bbox 927 1703 3057 1778; baseline -0.004 -1"><span class='ocrx_word' id='word_1_7' title='bbox 927 1706 1275 1778; x_wconf 83' lang='lat' dir='ltr'>Praefatio</span> <span class='ocrx_word' id='word_1_8' title='bbox 1302 1756 2653 1776; x_wconf 88' lang='grc'><strong>...........</strong></span> <span class='ocrx_word' id='word_1_9' title='bbox 2854 1703 3057 1769; x_wconf 73' lang='lat'>3-8</span> 
     </span>
     <span class='ocr_line' id='line_1_4' title="bbox 712 1901 2625 1993; baseline 0 -19"><span class='ocrx_word' id='word_1_10' title='bbox 712 1901 938 1993; x_wconf 86' lang='lat' dir='ltr'>Caput</span> <span class='ocrx_word' id='word_1_11' title='bbox 997 1904 1050 1972; x_wconf 92' lang='lat' dir='ltr'>I.</span> <span class='ocrx_word' id='word_1_12' title='bbox 1111 1901 1214 1972; x_wconf 92' lang='lat' dir='ltr'>De</span> <span class='ocrx_word' id='word_1_13' title='bbox 1271 1902 1580 1990; x_wconf 83' lang='lat' dir='ltr'>partibus</span> <span class='ocrx_word' id='word_1_14' title='bbox 1639 1902 1996 1991; x_wconf 78' lang='lat' dir='ltr'>scaeniciS,</span> <span class='ocrx_word' id='word_1_15' title='bbox 2031 1904 2101 1971; x_wconf 91' lang='lat' dir='ltr'>in</span> <span class='ocrx_word' id='word_1_16' title='bbox 2139 1915 2309 1991; x_wconf 86' lang='lat' dir='ltr'>quas</span> <span class='ocrx_word' id='word_1_17' title='bbox 2365 1903 2625 1974; x_wconf 87' lang='lat' dir='ltr'>Aristo·</span> 
     </span>
     <span class='ocr_line' id='line_1_5' title="bbox 1034 2003 3055 2097; baseline -0.004 -18"><span class='ocrx_word' id='word_1_18' title='bbox 1034 2010 1200 2079; x_wconf 84' lang='lat' dir='ltr'>teies</span> <span class='ocrx_word' id='word_1_19' title='bbox 1255 2008 1647 2097; x_wconf 78' lang='lat' dir='ltr'>tragoedias</span> <span class='ocrx_word' id='word_1_20' title='bbox 1704 2008 2013 2078; x_wconf 87' lang='lat' dir='ltr'>dividere</span> <span class='ocrx_word' id='word_1_21' title='bbox 2069 2010 2378 2080; x_wconf 86' lang='lat' dir='ltr'>voluerit.</span> <span class='ocrx_word' id='word_1_22' title='bbox 2451 2047 2458 2052; x_wconf 91' lang='lat'>-</span> <span class='ocrx_word' id='word_1_23' title='bbox 2796 2003 3055 2072; x_wconf 74' lang='lat'>9-34</span> 
     </span>
     <span class='ocr_line' id='line_1_6' title="bbox 926 2144 3059 2216; baseline -0.002 -6"><span class='ocrx_word' id='word_1_24' title='bbox 926 2148 1020 2210; x_wconf 90' lang='lat' dir='ltr'>De</span> <span class='ocrx_word' id='word_1_25' title='bbox 1068 2147 1324 2211; x_wconf 74' lang='lat' dir='ltr'>commis</span> <span class='ocrx_word' id='word_1_26' title='bbox 1371 2152 1438 2210; x_wconf 88' lang='lat' dir='ltr'>et</span> <span class='ocrx_word' id='word_1_27' title='bbox 1484 2147 1749 2209; x_wconf 64' lang='lat' dir='ltr'>canticis</span> <span class='ocrx_word' id='word_1_28' title='bbox 1799 2149 1929 2204; x_wconf 61' lang='grc' dir='ltr'>απὸ</span> <span class='ocrx_word' id='word_1_29' title='bbox 1975 2151 2215 2211; x_wconf 74' lang='grc' dir='ltr'>σκηνῆς</span> <span class='ocrx_word' id='word_1_30' title='bbox 2291 2195 2665 2212; x_wconf 79' lang='grc'><em>,,,,,</em></span> <span class='ocrx_word' id='word_1_31' title='bbox 2843 2144 3059 2216; x_wconf 76' lang='lat'>9-—13</span> 
     </span>
     <span class='ocr_line' id='line_1_7' title="bbox 933 2233 3061 2315; baseline -0.004 -16"><span class='ocrx_word' id='word_1_32' title='bbox 933 2237 1028 2300; x_wconf 90' lang='lat' dir='ltr'>De</span> <span class='ocrx_word' id='word_1_33' title='bbox 1081 2236 1319 2315; x_wconf 75' lang='lat' dir='ltr'>prologi</span> <span class='ocrx_word' id='word_1_34' title='bbox 1368 2234 1756 2299; x_wconf 83' lang='lat' dir='ltr'>definitione.</span> <span class='ocrx_word' id='word_1_35' title='bbox 1845 2283 2669 2302; x_wconf 87' lang='grc'><strong>..........</strong></span> <span class='ocrx_word' id='word_1_36' title='bbox 2799 2233 3061 2295; x_wconf 80' lang='lat'>13-15</span> 
     </span>
     <span class='ocr_line' id='line_1_8' title="bbox 934 2322 3062 2405; baseline -0.004 -16"><span class='ocrx_word' id='word_1_37' title='bbox 934 2327 1027 2389; x_wconf 91' lang='lat' dir='ltr'>De</span> <span class='ocrx_word' id='word_1_38' title='bbox 1073 2325 1338 2405; x_wconf 86' lang='lat' dir='ltr'>episodii</span> <span class='ocrx_word' id='word_1_39' title='bbox 1386 2322 1748 2387; x_wconf 82' lang='lat' dir='ltr'>definitione</span> <span class='ocrx_word' id='word_1_40' title='bbox 1846 2373 2666 2389; x_wconf 89' lang='grc'><strong>..........</strong></span> <span class='ocrx_word' id='word_1_41' title='bbox 2800 2322 3062 2385; x_wconf 82' lang='grc'><strong>15--16</strong></span> 
     </span>
     <span class='ocr_line' id='line_1_9' title="bbox 933 2409 3064 2493; baseline -0.001 -15"><span class='ocrx_word' id='word_1_42' title='bbox 933 2415 1027 2478; x_wconf 92' lang='lat' dir='ltr'>De</span> <span class='ocrx_word' id='word_1_43' title='bbox 1076 2414 1295 2493; x_wconf 84' lang='lat' dir='ltr'>parodi</span> <span class='ocrx_word' id='word_1_44' title='bbox 1356 2412 1719 2477; x_wconf 79' lang='lat' dir='ltr'>definitione</span> <span class='ocrx_word' id='word_1_45' title='bbox 1756 2461 2668 2479; x_wconf 90' lang='grc'><strong>...........</strong></span> <span class='ocrx_word' id='word_1_46' title='bbox 2806 2409 3064 2472; x_wconf 73' lang='grc'>16--25</span> 
     </span>
     <span class='ocr_line' id='line_1_10' title="bbox 933 2497 3058 2567; baseline -0 -1"><span class='ocrx_word' id='word_1_47' title='bbox 933 2504 1028 2567; x_wconf 90' lang='lat' dir='ltr'>De</span> <span class='ocrx_word' id='word_1_48' title='bbox 1076 2503 1320 2567; x_wconf 84' lang='lat' dir='ltr'>stasimi</span> <span class='ocrx_word' id='word_1_49' title='bbox 1368 2502 1731 2566; x_wconf 82' lang='lat' dir='ltr'>definitione</span> <span class='ocrx_word' id='word_1_50' title='bbox 1739 2547 2665 2567; x_wconf 92' lang='grc'><strong>...........</strong></span> <span class='ocrx_word' id='word_1_51' title='bbox 2800 2501 2885 2560; x_wconf 80' lang='lat'>25</span> <span class='ocrx_word' id='word_1_52' title='bbox 2911 2535 2956 2542; x_wconf 86' lang='lat'>·-</span> <span class='ocrx_word' id='word_1_53' title='bbox 2981 2497 3058 2560; x_wconf 66' lang='lat'>531</span> 
     </span>
     <span class='ocr_line' id='line_1_11' title="bbox 931 2586 3067 2658; baseline -0.004 -2"><span class='ocrx_word' id='word_1_54' title='bbox 931 2590 1027 2656; x_wconf 91' lang='lat' dir='ltr'>De</span> <span class='ocrx_word' id='word_1_55' title='bbox 1073 2592 1256 2656; x_wconf 82' lang='lat' dir='ltr'>exodi</span> <span class='ocrx_word' id='word_1_56' title='bbox 1303 2591 1677 2655; x_wconf 80' lang='lat' dir='ltr'>definitione</span> <span class='ocrx_word' id='word_1_57' title='bbox 1760 2640 2669 2658; x_wconf 91' lang='grc'><strong>...........</strong></span> <span class='ocrx_word' id='word_1_58' title='bbox 2802 2586 3067 2649; x_wconf 70' lang='lat'>31—-32</span> 
     </span>
     <span class='ocr_line' id='line_1_12' title="bbox 932 2674 2806 2762; baseline 0 -18"><span class='ocrx_word' id='word_1_59' title='bbox 932 2681 1029 2745; x_wconf 90' lang='lat' dir='ltr'>Ad</span> <span class='ocrx_word' id='word_1_60' title='bbox 1079 2697 1234 2762; x_wconf 84' lang='lat' dir='ltr'>quas</span> <span class='ocrx_word' id='word_1_61' title='bbox 1283 2681 1645 2759; x_wconf 73' lang='lat' dir='ltr'>tragoedias</span> <span class='ocrx_word' id='word_1_62' title='bbox 1696 2681 2089 2759; x_wconf 74' lang='lat' dir='ltr'>potissimum</span> <span class='ocrx_word' id='word_1_63' title='bbox 2142 2680 2506 2745; x_wconf 85' lang='lat' dir='ltr'>Aristotelis</span> <span class='ocrx_word' id='word_1_64' title='bbox 2801 2674 2806 2677; x_wconf 72' lang='grc'>’</span> 
     </span>
     <span class='ocr_line' id='line_1_13' title="bbox 1148 2765 3068 2850; baseline -0.003 -17"><span class='ocrx_word' id='word_1_65' title='bbox 1148 2771 1510 2834; x_wconf 80' lang='lat' dir='ltr'>distributio</span> <span class='ocrx_word' id='word_1_66' title='bbox 1559 2771 1844 2834; x_wconf 79' lang='lat' dir='ltr'>scaenica</span> <span class='ocrx_word' id='word_1_67' title='bbox 1892 2767 2184 2850; x_wconf 80' lang='lat' dir='ltr'>spectet?</span> <span class='ocrx_word' id='word_1_68' title='bbox 2240 2820 2244 2825; x_wconf 86' lang='lat'><strong>.</strong></span> <span class='ocrx_word' id='word_1_69' title='bbox 2298 2818 2672 2835; x_wconf 90' lang='grc'><strong>.....</strong></span> <span class='ocrx_word' id='word_1_70' title='bbox 2803 2765 3068 2828; x_wconf 76' lang='grc'><strong>32--34</strong></span> 
     </span>
     <span class='ocr_line' id='line_1_14' title="bbox 713 2969 2678 3061; baseline -0.001 -20"><span class='ocrx_word' id='word_1_71' title='bbox 713 2969 941 3060; x_wconf 81' lang='lat' dir='ltr'>Caput</span> <span class='ocrx_word' id='word_1_72' title='bbox 998 2972 1088 3040; x_wconf 88' lang='grc' dir='ltr'>ΙΙ.</span> <span class='ocrx_word' id='word_1_73' title='bbox 1150 2971 1252 3040; x_wconf 87' lang='lat' dir='ltr'>De</span> <span class='ocrx_word' id='word_1_74' title='bbox 1310 2972 1923 3061; x_wconf 76' lang='lat' dir='ltr'>progressionibus,</span> <span class='ocrx_word' id='word_1_75' title='bbox 1967 2973 2250 3059; x_wconf 86' lang='lat' dir='ltr'>quaein</span> <span class='ocrx_word' id='word_1_76' title='bbox 2289 2970 2678 3059; x_wconf 80' lang='lat' dir='ltr'>tragoedia·</span> 
     </span>
     <span class='ocr_line' id='line_1_15' title="bbox 934 3077 2532 3149; baseline 0.001 -3"><span class='ocrx_word' id='word_1_77' title='bbox 934 3100 1084 3147; x_wconf 88' lang='lat' dir='ltr'>rum</span> <span class='ocrx_word' id='word_1_78' title='bbox 1142 3077 1558 3148; x_wconf 79' lang='lat' dir='ltr'>Graecarum</span> <span class='ocrx_word' id='word_1_79' title='bbox 1623 3078 2159 3149; x_wconf 81' lang='lat' dir='ltr'>conformatione</span> <span class='ocrx_word' id='word_1_80' title='bbox 2215 3079 2532 3149; x_wconf 81' lang='lat' dir='ltr'>scaenica</span> 
     </span>
     <span class='ocr_line' id='line_1_16' title="bbox 1468 3177 3063 3256; baseline -0.005 0"><span class='ocrx_word' id='word_1_81' title='bbox 1468 3185 1920 3256; x_wconf 82' lang='lat' dir='ltr'>observantur</span> <span class='ocrx_word' id='word_1_82' title='bbox 1997 3233 2676 3255; x_wconf 92' lang='grc'><strong>......</strong></span> <span class='ocrx_word' id='word_1_83' title='bbox 2755 3180 2798 3247; x_wconf 83' lang='grc'><strong>3</strong></span> <span class='ocrx_word' id='word_1_84' title='bbox 2809 3178 2853 3250; x_wconf 83' lang='grc'>5</span> <span class='ocrx_word' id='word_1_85' title='bbox 2870 3219 2957 3230; x_wconf 92' lang='lat'>—-</span> <span class='ocrx_word' id='word_1_86' title='bbox 2970 3179 3014 3250; x_wconf 81' lang='lat'>8</span> <span class='ocrx_word' id='word_1_87' title='bbox 3027 3177 3063 3248; x_wconf 92' lang='lat'>1</span> 
     </span>
     <span class='ocr_line' id='line_1_17' title="bbox 940 3319 3070 3402; baseline -0.003 -16"><span class='ocrx_word' id='word_1_88' title='bbox 940 3323 1034 3386; x_wconf 82' lang='lat' dir='ltr'>De</span> <span class='ocrx_word' id='word_1_89' title='bbox 1083 3322 1321 3402; x_wconf 80' lang='lat' dir='ltr'>prologi</span> <span class='ocrx_word' id='word_1_90' title='bbox 1371 3321 1866 3386; x_wconf 79' lang='lat' dir='ltr'>conformatione</span> <span class='ocrx_word' id='word_1_91' title='bbox 1914 3324 2217 3386; x_wconf 79' lang='lat' dir='ltr'>scaenica.</span> <span class='ocrx_word' id='word_1_92' title='bbox 2301 3371 2316 3386; x_wconf 93' lang='lat'><strong>.</strong></span> <span class='ocrx_word' id='word_1_93' title='bbox 2392 3372 2404 3387; x_wconf 94' lang='lat'><strong>.</strong></span> <span class='ocrx_word' id='word_1_94' title='bbox 2472 3373 2496 3388; x_wconf 89' lang='lat'>..</span> <span class='ocrx_word' id='word_1_95' title='bbox 2569 3371 2585 3388; x_wconf 93' lang='lat'><strong>.</strong></span> <span class='ocrx_word' id='word_1_96' title='bbox 2659 3372 2674 3387; x_wconf 89' lang='lat'><strong>.</strong></span> <span class='ocrx_word' id='word_1_97' title='bbox 2805 3319 3070 3384; x_wconf 79' lang='lat'><strong>35-43</strong></span> 
     </span>
     <span class='ocr_line' id='line_1_18' title="bbox 942 3409 3068 3491; baseline -0.003 -17"><span class='ocrx_word' id='word_1_98' title='bbox 942 3412 1035 3474; x_wconf 81' lang='lat' dir='ltr'>De</span> <span class='ocrx_word' id='word_1_99' title='bbox 1082 3411 1300 3491; x_wconf 84' lang='lat' dir='ltr'>parodi</span> <span class='ocrx_word' id='word_1_100' title='bbox 1351 3409 1845 3475; x_wconf 83' lang='lat' dir='ltr'>conformatione</span> <span class='ocrx_word' id='word_1_101' title='bbox 1894 3411 2175 3475; x_wconf 64' lang='lat' dir='ltr'>scaenica</span> <span class='ocrx_word' id='word_1_102' title='bbox 2215 3461 2677 3477; x_wconf 90' lang='grc'><strong>......</strong></span> <span class='ocrx_word' id='word_1_103' title='bbox 2807 3409 3068 3472; x_wconf 82' lang='lat'>43-50</span> 
     </span>
     <span class='ocr_line' id='line_1_19' title="bbox 940 3497 3071 3578; baseline -0.003 -14"><span class='ocrx_word' id='word_1_104' title='bbox 940 3501 1036 3564; x_wconf 92' lang='lat' dir='ltr'>De</span> <span class='ocrx_word' id='word_1_105' title='bbox 1086 3500 1350 3578; x_wconf 63' lang='lat' dir='ltr'>epis&#39;dii</span> <span class='ocrx_word' id='word_1_106' title='bbox 1398 3505 1463 3563; x_wconf 82' lang='lat' dir='ltr'>et</span> <span class='ocrx_word' id='word_1_107' title='bbox 1509 3500 1755 3563; x_wconf 86' lang='lat' dir='ltr'>stasimi</span> <span class='ocrx_word' id='word_1_108' title='bbox 1803 3500 2295 3564; x_wconf 84' lang='lat' dir='ltr'>conformatione</span> <span class='ocrx_word' id='word_1_109' title='bbox 2343 3501 2675 3565; x_wconf 78' lang='lat' dir='ltr'>scaenica.</span> <span class='ocrx_word' id='word_1_110' title='bbox 2808 3497 3071 3562; x_wconf 85' lang='lat'>51—65</span> 
     </span>
     <span class='ocr_line' id='line_1_20' title="bbox 941 3584 3072 3655; baseline -0.003 -4"><span class='ocrx_word' id='word_1_111' title='bbox 941 3591 1036 3652; x_wconf 87' lang='lat' dir='ltr'>De</span> <span class='ocrx_word' id='word_1_112' title='bbox 1084 3589 1267 3652; x_wconf 81' lang='lat' dir='ltr'>exodi</span> <span class='ocrx_word' id='word_1_113' title='bbox 1315 3588 1817 3653; x_wconf 80' lang='lat' dir='ltr'>conformatione</span> <span class='ocrx_word' id='word_1_114' title='bbox 1865 3589 2154 3653; x_wconf 76' lang='lat' dir='ltr'>scaenica</span> <span class='ocrx_word' id='word_1_115' title='bbox 2213 3638 2675 3655; x_wconf 87' lang='grc'><strong>......</strong></span> <span class='ocrx_word' id='word_1_116' title='bbox 2807 3584 3072 3649; x_wconf 43' lang='lat'>65-*68</span> 
     </span>
     <span class='ocr_line' id='line_1_21' title="bbox 945 3674 2628 3759; baseline 0 -18"><span class='ocrx_word' id='word_1_117' title='bbox 945 3677 1157 3741; x_wconf 83' lang='lat' dir='ltr'>Secuti</span> <span class='ocrx_word' id='word_1_118' title='bbox 1206 3679 1414 3741; x_wconf 85' lang='lat' dir='ltr'>sintne</span> <span class='ocrx_word' id='word_1_119' title='bbox 1465 3684 1690 3756; x_wconf 82' lang='lat' dir='ltr'>poetae</span> <span class='ocrx_word' id='word_1_120' title='bbox 1739 3679 1964 3759; x_wconf 76' lang='lat' dir='ltr'>tragici</span> <span class='ocrx_word' id='word_1_121' title='bbox 2013 3684 2253 3741; x_wconf 83' lang='lat' dir='ltr'>certum</span> <span class='ocrx_word' id='word_1_122' title='bbox 2300 3674 2628 3742; x_wconf 88' lang='lat' dir='ltr'>numerum</span> 
     </span>
     <span class='ocr_line' id='line_1_22' title="bbox 1156 3762 3073 3846; baseline 0.001 -16"><span class='ocrx_word' id='word_1_123' title='bbox 1156 3768 1431 3846; x_wconf 85' lang='lat' dir='ltr'>partium</span> <span class='ocrx_word' id='word_1_124' title='bbox 1479 3765 1957 3831; x_wconf 76' lang='lat' dir='ltr'>scaeniearum?</span> <span class='ocrx_word' id='word_1_125' title='bbox 2034 3813 2678 3835; x_wconf 89' lang='grc'><strong>........</strong></span> <span class='ocrx_word' id='word_1_126' title='bbox 2811 3762 3073 3827; x_wconf 80' lang='grc'>69-72</span> 
     </span>
    </p>
   </div>
   <div class='ocr_carea' id='block_1_3' title="bbox 721 3967 2687 4058">
    <p class='ocr_par' dir='ltr' id='par_1_3' title="bbox 721 3967 2687 4058">
     <span class='ocr_line' id='line_1_23' title="bbox 721 3967 2687 4058; baseline 0 -18"><span class='ocrx_word' id='word_1_127' title='bbox 721 3968 951 4058; x_wconf 81' lang='lat' dir='ltr'>Caput</span> <span class='ocrx_word' id='word_1_128' title='bbox 1006 3970 1128 4040; x_wconf 85' lang='grc' dir='ltr'><strong>ΙΙΙ.</strong></span> <span class='ocrx_word' id='word_1_129' title='bbox 1192 3968 1368 4056; x_wconf 78' lang='lat' dir='ltr'>Quid</span> <span class='ocrx_word' id='word_1_130' title='bbox 1430 3969 1832 4039; x_wconf 86' lang='lat' dir='ltr'>Aristoteles</span> <span class='ocrx_word' id='word_1_131' title='bbox 1855 3968 1937 4038; x_wconf 88' lang='lat' dir='ltr'>de</span> <span class='ocrx_word' id='word_1_132' title='bbox 1969 3967 2502 4040; x_wconf 82' lang='lat' dir='ltr'>conformatione</span> <span class='ocrx_word' id='word_1_133' title='bbox 2532 3969 2687 4040; x_wconf 86' lang='lat' dir='ltr'>dra·</span> 
     </span>
    </p>
   </div>
   <div class='ocr_carea' id='block_1_4' title="bbox 1158 4067 3070 4164">
    <p class='ocr_par' dir='ltr' id='par_1_4' title="bbox 1158 4067 3070 4164">
     <span class='ocr_line' id='line_1_24' title="bbox 1158 4067 3070 4164; baseline -0.005 -18"><span class='ocrx_word' id='word_1_134' title='bbox 1158 4078 1411 4146; x_wconf 71' lang='lat' dir='ltr'>matina</span> <span class='ocrx_word' id='word_1_135' title='bbox 1469 4084 1644 4164; x_wconf 90' lang='lat' dir='ltr'>trag.</span> <span class='ocrx_word' id='word_1_136' title='bbox 1706 4075 1830 4146; x_wconf 85' lang='lat' dir='ltr'>Gr.</span> <span class='ocrx_word' id='word_1_137' title='bbox 1891 4076 2275 4146; x_wconf 80' lang='lat' dir='ltr'>censuerit.</span> <span class='ocrx_word' id='word_1_138' title='bbox 2396 4131 2409 4146; x_wconf 91' lang='lat'>.</span> <span class='ocrx_word' id='word_1_139' title='bbox 2533 4125 2548 4141; x_wconf 92' lang='lat'><strong>.</strong></span> <span class='ocrx_word' id='word_1_140' title='bbox 2664 4124 2680 4141; x_wconf 89' lang='lat'><strong>.</strong></span> <span class='ocrx_word' id='word_1_141' title='bbox 2763 4067 3070 4138; x_wconf 75' lang='lat'>82—-92</span> 
     </span>
    </p>
   </div>
   <div class='ocr_carea' id='block_1_5' title="bbox 947 4198 3079 4543">
    <p class='ocr_par' dir='ltr' id='par_1_5' title="bbox 947 4198 3076 4276">
     <span class='ocr_line' id='line_1_25' title="bbox 947 4198 3076 4276; baseline -0.002 0"><span class='ocrx_word' id='word_1_142' title='bbox 947 4214 1041 4276; x_wconf 88' lang='lat' dir='ltr'>De</span> <span class='ocrx_word' id='word_1_143' title='bbox 1090 4211 1566 4275; x_wconf 85' lang='lat' dir='ltr'>definitionibus</span> <span class='ocrx_word' id='word_1_144' title='bbox 1612 4212 1836 4273; x_wconf 63' lang='grc' dir='ltr'>ὃέόετως</span> <span class='ocrx_word' id='word_1_145' title='bbox 1888 4215 1955 4272; x_wconf 74' lang='lat' dir='ltr'>et</span> <span class='ocrx_word' id='word_1_146' title='bbox 2000 4198 2247 4274; x_wconf 67' lang='grc' dir='ltr'>λύσεως</span> <span class='ocrx_word' id='word_1_147' title='bbox 2257 4258 2684 4274; x_wconf 88' lang='grc'><strong>......</strong></span> <span class='ocrx_word' id='word_1_148' title='bbox 2710 4203 3076 4267; x_wconf 43' lang='lat' dir='ltr'>*BQ-85¹*</span> 
     </span>
    </p>

    <p class='ocr_par' dir='ltr' id='par_1_6' title="bbox 949 4294 3073 4382">
     <span class='ocr_line' id='line_1_26' title="bbox 949 4294 3073 4382; baseline -0.006 -17"><span class='ocrx_word' id='word_1_149' title='bbox 949 4303 1043 4365; x_wconf 92' lang='lat' dir='ltr'>De</span> <span class='ocrx_word' id='word_1_150' title='bbox 1065 4308 1369 4382; x_wconf 81' lang='lat' dir='ltr'>quattuor</span> <span class='ocrx_word' id='word_1_151' title='bbox 1388 4301 1725 4373; x_wconf 70' lang='lat' dir='ltr'>generibus</span> <span class='ocrx_word' id='word_1_152' title='bbox 1751 4299 2223 4378; x_wconf 81' lang='lat' dir='ltr'>tragoediarum</span> <span class='ocrx_word' id='word_1_153' title='bbox 2253 4298 2680 4363; x_wconf 81' lang='lat' dir='ltr'>Aristotelicis</span> <span class='ocrx_word' id='word_1_154' title='bbox 2704 4347 2717 4360; x_wconf 95' lang='lat'><strong>.</strong></span> <span class='ocrx_word' id='word_1_155' title='bbox 2815 4294 3073 4357; x_wconf 76' lang='lat'>87-91</span> 
     </span>
    </p>

    <p class='ocr_par' dir='ltr' id='par_1_7' title="bbox 949 4387 3079 4543">
     <span class='ocr_line' id='line_1_27' title="bbox 949 4387 2715 4468; baseline -0.003 -12"><span class='ocrx_word' id='word_1_156' title='bbox 949 4391 1168 4456; x_wconf 81' lang='lat' dir='ltr'>Secuti</span> <span class='ocrx_word' id='word_1_157' title='bbox 1216 4390 1423 4453; x_wconf 84' lang='lat' dir='ltr'>sintne</span> <span class='ocrx_word' id='word_1_158' title='bbox 1473 4389 1870 4468; x_wconf 77' lang='lat' dir='ltr'>grammatici</span> <span class='ocrx_word' id='word_1_159' title='bbox 1897 4387 2303 4451; x_wconf 75' lang='lat' dir='ltr'>Alexandrini</span> <span class='ocrx_word' id='word_1_160' title='bbox 2352 4387 2715 4452; x_wconf 86' lang='lat' dir='ltr'>Aristotelis</span> 
     </span>
     <span class='ocr_line' id='line_1_28' title="bbox 1164 4469 3079 4543; baseline -0.007 -1"><span class='ocrx_word' id='word_1_161' title='bbox 1164 4479 1673 4542; x_wconf 83' lang='lat' dir='ltr'>distributionem</span> <span class='ocrx_word' id='word_1_162' title='bbox 1723 4477 2137 4540; x_wconf 80' lang='lat' dir='ltr'>dramaticam</span> <span class='ocrx_word' id='word_1_163' title='bbox 2184 4476 2419 4540; x_wconf 76' lang='lat' dir='ltr'>necne?</span> <span class='ocrx_word' id='word_1_164' title='bbox 2484 4526 2497 4539; x_wconf 90' lang='lat'><em>.</em></span> <span class='ocrx_word' id='word_1_165' title='bbox 2582 4528 2598 4543; x_wconf 87' lang='lat'><strong>.</strong></span> <span class='ocrx_word' id='word_1_166' title='bbox 2671 4526 2688 4543; x_wconf 91' lang='lat'><strong>.</strong></span> <span class='ocrx_word' id='word_1_167' title='bbox 2820 4469 3079 4535; x_wconf 73' lang='lat'>91—92</span> 
     </span>
    </p>
   </div>
   <div class='ocr_carea' id='block_1_6' title="bbox 3304 0 3376 1153">
    <p class='ocr_par' dir='ltr' id='par_1_8' title="bbox 3304 0 3376 1153">
     <span class='ocr_line' id='line_1_29' title="bbox 3304 0 3376 1153; baseline 0 0"><span class='ocrx_word' id='word_1_168' title='bbox 3304 0 3376 1153; x_wconf 95' lang='lat' dir='ltr'> </span> 
     </span>
    </p>
   </div>
  </div>
 </body>
</html>
