3417 5384
689 455 790 527 38

687 675 887 765 cipue
939 673 1029 744 ad
1085 674 1380 765 speciem
1435 675 1542 747 rei
1616 694 1779 745 vere
1853 673 2228 747 accidentis
2294 674 2706 749 servandam
2763 694 3034 764 compo-

685 781 889 852 situm
942 801 1095 852 esse
1144 782 1605 871 unusquisque
1671 781 1805 853 sibi
1863 779 2321 870 persuadebit.
2364 781 2619 852 Tamen
2657 782 3046 870 posteriore

682 897 989 978 tempore
1045 909 1195 960 cum
1249 888 1364 959 hic
1419 889 1741 978 prologus
1786 896 2108 977 peraptus
2165 886 2254 959 ad
2307 887 2778 977 exponendam
2833 887 3033 960 fabu-

685 995 824 1067 lam
878 1004 1083 1085 esset,
1136 995 1459 1065 nimirum
1512 994 1770 1076 factum
1844 1003 1969 1083 est,
2048 1002 2121 1067 ut
2200 1015 2336 1067 non
2390 1003 2531 1069 tam
2590 994 2680 1067 ad
2734 996 3029 1085 speciem

682 1102 791 1173 rei
841 1122 1002 1173 vere
1084 1101 1458 1174 accidentis
1514 1100 1928 1175 servandam
2012 1102 2322 1190 componi
2403 1101 2751 1175 videretur
2829 1122 3039 1190 quam

686 1209 775 1279 ad
828 1207 1152 1280 sububam
1218 1198 1816 1298 exponendamssf‘).

897 1438 1102 1536 Jnde,
1162 1451 1340 1540 quod
1395 1450 1830 1542 Phrynichus
1880 1453 2034 1542 pari
2091 1456 2291 1526 modo
2330 1474 2411 1528 ac
2448 1454 2761 1547 Thespis,
2805 1456 3038 1528 Choe-

683 1556 874 1642 rilus,
932 1557 1258 1630 Pratinas
1342 1557 1430 1628 ad
1485 1559 1878 1648 tragoedias
1944 1560 2249 1651 agendas
2305 1571 2567 1633 tantum
2622 1582 2830 1633 unum
2884 1563 3034 1633 his-

682 1665 969 1737 trionem
1002 1678 1007 1683 ·
1046 1654 1470 1756 habebat8⁶)‚
1551 1660 1757 1736 facile
1831 1666 2199 1760 colligitur,
2273 1669 2630 1759 prologum
2698 1670 3027 1758 antiquis·

681 1772 925 1845 simum
1000 1794 1084 1843 ex
1141 1789 1276 1844 una
1332 1792 1606 1862 scaena,
1685 1793 1859 1865 quae
1941 1772 2230 1847 formam
2288 1774 2631 1864 soliloquii
2686 1776 2820 1847 sibi
2876 1776 3026 1846 vin·

682 1878 979 1970 dicabat,
1059 1880 1442 1952 constitisse
1515 1876 1856 1969 finemque
1929 1880 2074 1953 eius
2148 1904 2272 1972 per
2345 1883 2602 1953 abitum
2680 1883 2846 1973 eius,
2908 1883 3028 1971 qui

682 2005 834 2059 eam
890 1987 1230 2078 effecerat,
1291 1987 1678 2058 denotatum
1734 2007 1906 2078 esse,
1948 2000 2277 2078 quatenus
2317 1986 2406 2060 ad
2451 1986 2827 2079 episodium
2884 1990 3025 2079 pri-

680 2112 863 2165 mum
937 2092 1371 2165 efficiendum
1454 2094 1595 2165 alia
1675 2113 1971 2183 persona
2035 2114 2238 2184 quam
2296 2096 2419 2167 illa
2474 2082 3034 2188 προλογίζουσα

678 2200 1070 2273 necessaria
1126 2208 1297 2272 erat.
1356 2201 1526 2273 Tum
1583 2202 1764 2272 enim
1818 2202 2066 2273 histrio
2121 2203 2404 2292 prologo
2459 2201 2547 2273 ad
2604 2200 2811 2272 finem
2868 2222 3024 2292 per·

679 2306 882 2378 ducto
936 2307 1169 2377 statim
1206 2316 1401 2379 extra
1439 2328 1760 2379 scaenam
1798 2325 1872 2378 se
1912 2308 2220 2380 conferre
2257 2308 2570 2397 debebat,
2611 2328 2743 2397 quo
2780 2327 3025 2399 pausa,

676 2430 880 2501 quam
938 2413 1275 2485 canticum
1333 2415 1524 2486 chori
1578 2412 1981 2487 introeuntis
2037 2415 2433 2506 praebebat,
2484 2416 2582 2485 ibi
2621 2414 2713 2512 ad
2766 2425 3022 2486 vestem

678 2540 763 2590 ac
815 2510 1197 2612 [personam
1278 2520 1673 2593 mutandam
1764 2512 2195 2607 uteretur87).
2289 2521 2425 2594 Sed
2515 2540 3022 2611 nonnumquam

678 2627 887 2698 etiam
941 2635 1223 2721 propter
1276 2628 1570 2718 speciem
1609 2629 1709 2699 rei
1748 2627 1974 2700 factae
2018 2628 2427 2701 servandum
2485 2628 2750 2718 prologi
2808 2627 3020 2698 finem

675 2754 798 2823 per
874 2735 1131 2805 abitum
1204 2734 1584 2824 histrionis,
1662 2734 1776 2825 qui
1851 2754 2002 2805 eum
2076 2745 2332 2825 egerat,
2413 2735 2807 2806 denotatum
2871 2756 3019 2805 esse

676 2841 848 2912 satis
900 2841 1274 2912 verisimile
1334 2851 1456 2913 est.
1515 2842 1696 2913 Nam
1780 2840 1839 2913 si
1912 2842 2158 2913 histrio
2213 2828 2688 2934 προλογίζων
2742 2851 3026 2932 propter

675 2960 1147 3037 argumentum
1224 2947 1312 3019 ad
1405 2948 1698 3038 aliquem
1782 2956 1977 3019 extra
2060 2968 2379 3020 scaenam
2461 2946 2888 3019 habitantem
2945 2969 3024 3019 se-

675 3054 984 3125 conferre
1039 3053 1351 3143 debebat,
1430 3075 1471 3125 a
1543 3075 1673 3146 quo
1757 3056 1936 3127 actio
1991 3055 2370 3126 evolvenda
2456 3052 2816 3144 pendebat,
2876 3063 3020 3124 tum

674 3158 866 3231 nulla
922 3159 1060 3231 alia
1115 3158 1231 3231 via
1287 3160 1374 3231 ad
1431 3162 1727 3251 speciem
1800 3162 1902 3233 rei
1972 3161 2189 3233 fectae
2244 3160 2654 3233 servandam
2709 3159 3014 3253 patebat,

672 3286 876 3355 quam
929 3276 1004 3337 ut
1056 3268 1395 3341 canticum
1454 3269 1644 3339 chori
1699 3270 2104 3340 introeuntis
2177 3288 2330 3340 eam
2383 3286 2670 3359 pausam
2724 3267 3022 3358 praebe·

887 3506 968 3591 ⁸⁶)
1015 3506 1109 3577 Cf.
1155 3510 1378 3590 Bothe,
1425 3511 1474 3576 l.
1521 3508 1586 3588 1„
1636 3530 1699 3592 p.
1756 3504 2118 3574 188-189.

887 3648 971 3729 ⁸⁶)
1015 3652 1393 3735 Aeschylum
1440 3652 1506 3719 in
1553 3654 1916 3736 tragoedias
1963 3654 2233 3723 alterum
2279 3655 2650 3725 histrionem
2695 3655 3029 3723 induxisse
3073 3619 3079 3624 ’

667 3741 1049 3811 Aristoteles
1094 3760 1159 3827 p.
1210 3741 1380 3807 1449
1427 3762 1466 3807 a
1517 3743 1597 3805 15
1646 3760 1784 3824 seq.
1832 3746 2126 3809 testatur.

748 3914 753 3915 f
885 3880 966 3962 87)
1013 3884 1142 3948 Res
1187 3900 1303 3964 per
1341 3885 1571 3966 seipsa
1618 3890 1753 3950 tam
1799 3884 1967 3948 clara
2014 3890 2142 3959 eat,
2186 3890 2264 3950 ut
2303 3885 2547 3966 aliquid
2577 3882 2658 3949 de
2704 3885 2846 3950 eius
2876 3903 3023 3966 pro-

666 3972 1001 4037 babilitate
1048 3972 1171 4036 dici
1215 3991 1340 4037 non
1387 3991 1546 4054 opus
1593 3974 1698 4038 sit.
1751 3974 1958 4054 Atque
2002 3973 2151 4038 inde
2198 3992 2237 4037 a
2284 3973 2573 4039 Choerilo
2601 3974 2830 4039 saltem
2870 3993 3019 4055 poe·

666 4066 770 4126 tas
817 4061 1095 4141 tragicos
1141 4061 1520 4130 vestimenta
1567 4063 1651 4126 ad
1697 4080 2000 4144 personas
2074 4079 2268 4129 novas
2313 4061 2804 4129 intorducendas
2879 4082 3015 4127 mu·

666 4154 807 4214 tare
855 4149 1075 4214 solitos
1121 4166 1262 4213 esse
1308 4167 1384 4214 ex
1432 4150 1663 4215 Suidae
1708 4151 1919 4216 verbis
1966 4169 2013 4215 s.
2062 4170 2119 4214 v.
2167 4140 2468 4224 Χοιρίλος
2558 4152 2821 4216 traditis
2867 4171 3021 4217 con·

665 4236 833 4302 cludi
903 4242 1135 4319 potest:
1208 4226 1508 4310 Χοίρτλος
1561 4240 1910 4317 Ἀθηναῖος,
1975 4242 2277 4313 wannoc
2333 4281 2765 4304 .......
2818 4243 3023 4306 οὗτος

664 4329 833 4384 κατά
877 4342 1052 4391 *tavae
1100 4328 1239 4392 τοῖς
1285 4330 1709 4401 mccc-»mima
1759 4333 1870 4384 καὶ
1916 4330 2000 4401 τῇ
2051 4333 2262 4402 σκηνῇ
2307 4331 2430 4387 τῶν
2478 4318 2728 4387 στολῶν
2776 4334 3022 4405 ἐπεχείψ
3078 4367 3082 4375 ‚

663 4419 841 4492 ρπσε.
891 4414 994 4481 Cf.
1045 4414 1267 4493 Hiller,
1315 4416 1458 4481 adn.
1518 4418 1545 4475 1
1601 4416 1685 4480 ad
1732 4432 1793 4497 p.
1845 4414 1995 4479 336.
