3417 5384
2604 428 2702 498 33

360 662 451 716 ex
531 645 927 734 Euripideis
1009 653 1229 717 autem
1323 636 1733 731 sedecem72)
1815 634 2055 730 tres73)
2141 647 2476 717 canticum
2560 637 2705 711 ἀπὸ

362 754 650 838 σκηνῆς
704 773 840 823 11011
894 751 1216 833 habeant,
1276 752 1435 823 fieri
1489 773 1626 822 non
1681 762 1924 843 potest,
1965 754 2128 840 quin
2174 761 2547 824 statuamus
2584 754 2709 824 illa

361 858 608 929 verba:
664 844 880 921 κοινὰ
936 855 1072 949 μὲν
1128 858 1477 924 ἁπάντων
1532 865 1782 949 ταῦτα,
1840 853 1995 924 ἴδια
2058 852 2133 923 δὲ
2192 846 2280 924 τὰ
2330 848 2475 921 ἀπὸ
2531 876 2712 944 σκη-

364 966 502 1045 νῆς
555 964 679 1028 καὶ
738 961 1009 1055 κόμμοι
1095 986 1175 1036 eo
1259 966 1544 1036 consilio
1597 967 1966 1055 praecipue
2023 966 2207 1037 dicta
2263 988 2434 1055 esse,
2502 976 2575 1036 ut
2629 984 2712 1037 ea

367 1071 614 1142 divisio
697 1070 1227 1161 tragoediarum,
1286 1091 1462 1160 quae
1516 1074 1646 1143 hoc
1700 1074 1850 1144 loco
1904 1073 2245 1162 statuitur,
2305 1074 2459 1160 pari
2512 1072 2712 1144 modo

364 1187 432 1248 et
485 1177 880 1267 tragoedias
937 1179 1339 1250 vetustiores
1414 1179 1487 1249 id
1564 1188 1666 1251 est
1721 1180 2142 1271 Aeschyleas
2199 1188 2265 1250 et
2320 1180 2712 1267 tragoedias

367 1286 783 1356 recentiores
867 1284 951 1354 id
1004 1294 1106 1356 est
1175 1284 1589 1375 Sophocleas
1662 1295 1731 1356 et
1801 1285 2215 1376 Euripideas
2273 1287 2712 1376 comprehen-

369 1392 530 1462 dere
581 1380 934 1482 posset74)
992 1392 1228 1481 Neque
1282 1393 1456 1463 haec
1503 1393 1717 1464 verba
1754 1392 2217 1463 tantummodo
2257 1402 2535 1482 propter
2571 1402 2714 1463 tra·

371 1499 650 1588 goedias
709 1499 1095 1587 aequalium
1151 1508 1526 1590 poetarum,
1613 1499 1730 1587 qui
1812 1500 2018 1570 etiam
2101 1500 2325 1569 rarius
2409 1519 2495 1564 τα
2567 1489 2712 1562 ἀπὸ

370 1607 657 1691 σκηνῆς
714 1627 918 1693 (1110111
1002 1604 1208 1696 Soph.
1287 1616 1354 1676 et
1444 1605 1592 1675 Eur
1663 1627 1996 1695 usurpare
2088 1614 2470 1695 potuerunt,
2532 1607 2716 1677 dicta

369 1733 518 1782 esse
575 1723 872 1801 possunt.
954 1732 1105 1783 cum
1188 1719 1260 1782 in
1343 1711 1513 1782 Arte
1595 1713 1782 1784 Poet.
1860 1711 2246 1801 frequenter
2321 1713 2718 1801 tragoediae

368 1819 800 1911 Aeschyleae
857 1829 1485 1890 commemorentur.

512 1922 520 1927 ’
588 1923 722 1997 Sed
777 1926 1134 2014 quominus
1189 1926 1364 1996 haec
1420 1927 1757 1996 sententia
1821 1926 2024 2014 plane
2067 1927 2499 2016 approbetur,
2561 1935 2718 1997 ante

373 2032 604 2104 omnia
657 2033 914 2115 Persae
969 2041 1036 2102 et
1092 2032 1326 2122 Suppl.
1387 2033 1639 2103 Aesch.
1698 2033 1973 2104 obstare
2031 2032 2368 2122 videntur,
2411 2034 2574 2120 quia
2608 2033 2719 2104 his

373 2138 747 2228 tragoediis
802 2138 1122 2229 prologus
1214 2138 1422 2209 deest.
1485 2136 1697 2226 Quem
1754 2160 1906 2211 cum
1964 2140 2366 2211 Aristoteles
2422 2139 2721 2209 omnium

375 2245 881 2334 tragoediarum
939 2266 1361 2316 communem
1417 2267 1565 2317 esse
1621 2245 1829 2336 dicat,
1889 2247 2077 2316 nullo
2131 2246 2331 2316 modo
2388 2244 2545 2316 fieri
2604 2267 2721 2335 po-

374 2361 528 2432 test,
587 2361 660 2422 ut
715 2352 974 2440 aliquid
1031 2352 1120 2422 ab
1174 2352 1545 2422 Aristotele
1592 2363 1674 2423 de
1711 2352 2086 2442 tragoediis
2142 2353 2425 2442 prologo
2483 2373 2720 2423 caren-

376 2459 556 2529 tibus
611 2459 740 2529 1100
797 2459 945 2530 loco
1000 2458 1254 2530 dictum
1310 2460 1420 2549 sit,
1497 2480 1907 2547 quamquam
1963 2457 2052 2530 ad
2108 2459 2179 2529 id
2243 2479 2366 2530 nos
2433 2458 2725 2537 aducere

376 2574 738 2656 potuerunt
838 2566 1052 2636 verba
1126 2567 1630 2655 paraphraseos
1704 2566 2035 2636 Averrois
2119 2587 2160 2636 a
2234 2565 2346 2638 Fr.
2423 2565 2723 2636 Heiden·

380 2672 610 2743 11011110
666 2672 735 2741 111
796 2672 1294 2743 Fleckeisianis
1351 2672 1604 2742 Annal-
1665 2673 1836 2761 phil.
1906 2670 1996 2742 17
2058 2672 2278 2762 suppl.
2339 2672 2585 2763 editae,
2646 2694 2716 2762 p.

386 2773 564 2867 367,
632 2775 766 2848 15:
837 2800 1379 2867 „nonnumquam
1435 2789 1665 2849 tamen
1722 2778 2014 2850 afferunt
2068 2777 2340 2849 laudem
2386 2780 2533 2850 sine
2570 2799 2725 2868 pro·

382 2881 614 2975 logo“·,
675 2886 747 2954 in
803 2886 1045 2974 quibus
1101 2886 1331 2957 verbis
1379 2885 1738 2974 „laudem“
1788 2887 2010 2976 ipsam
2047 2885 2476 2978 tragoediam
2514 2886 2726 2975 signi-

383 2992 599 3064 ficare
651 3013 734 3062 ex
789 3014 858 3082 p.
921 2987 1096 3069 359,
1147 2987 1286 3082 123
1332 2986 1509 3076 359,
1554 2988 1643 3058 19
1677 2993 1978 3063 01118ᾱο111
2007 2994 2511 3083 paraphraseos
2541 2992 2730 3063 affir-

382 3100 562 3169 mari
617 3100 855 3189 potuit.
915 3099 1153 3187 Neque
1192 3099 1585 3188 tragoedias
1623 3120 2132 3187 nonnumquam
2169 3100 2455 3189 prologo
2498 3120 2734 3170 carere

383 3214 649 3277 tantum
704 3205 789 3276 ob
845 3205 1241 3294 tragoedias
1315 3204 1743 3295 Aeschyleas
1821 3208 2336 3277 commemorari
2420 3227 2734 3277 necessa-

387 3314 564 3382 rium
621 3322 791 3403 erat,
853 3333 1003 3383 cum
1060 3312 1266 3384 etiam
1323 3313 1700 3402 posteriore
1766 3321 2067 3403 tempore
2121 3313 2515 3402 tragoedias
2572 3334 2736 3384 sane

384 3439 673 3509 perraro
729 3420 875 3490 sine
928 3420 1215 3509 prologo
1272 3440 1421 3490 esse
1486 3420 1787 3509 potuisse
1872 3440 1955 3490 ex
2038 3419 2260 3491 Anon.
2329 3419 2557 3517 Rheso
2612 3440 2734 3509 pa·

386 3534 548 3596 teat.
608 3524 791 3596 Jnde
848 3526 1253 3597 concludere
1308 3527 1490 3610 licet,
1561 3526 2004 3598 Aristotelem
2060 3527 2132 3595 in
2188 3547 2313 3597 sua
2366 3526 2736 3617 partitione

390 3632 861 3704 constituenda
915 3633 1311 3723 tragoedias
1368 3634 1866 3704 vetustissimas
1922 3634 2185 3722 pariter
2260 3642 2461 3722 atque
2515 3641 2737 3724 poste·

390 3739 597 3810 rioris
652 3740 922 3820 aetatis,
980 3762 1155 3828 (11100
1233 3741 1322 3811 ab
1404 3740 1729 3811 universa
1782 3739 2004 3811 forma
2061 3740 2486 3827 aliquantum
2542 3740 2740 3810 aber·

392 3852 652 3935 rarent,
711 3846 871 3935 quia
923 3847 1277 3936 utriusque
1351 3846 1624 3936 generis
1678 3845 2074 3936 tragoediae
2132 3846 2301 3917 satis
2337 3867 2554 3936 parvo
2615 3867 2742 3915 nu-

611 4033 690 4114 72)
736 4037 892 4102 Dico
941 4035 1250 4112 sedecem,
1300 4036 1447 4116 quia
1479 4054 1516 4100 e
1548 4036 2079 4100 commentatione
2125 4041 2341 4099 nostra
2390 4035 2742 4119 Cyclopem,

391 4082 947 4277 Rhesum,1phig.
994 4125 1144 4188 Aul
1193 4125 1430 4189 exclusi
1475 4125 1557 4190 ob
1605 4142 1859 4195 causas,
1908 4142 2072 4204 quae
2137 4125 2449 4189 neminem
2526 4123 2749 4205 fugere

391 4231 627 4296 possun

614 4298 693 4382 ⁷⁸)
744 4301 844 4366 Of.
893 4320 952 4383 p.
1008 4298 1110 4364 12.
1156 4301 1220 4366 h.
1268 4301 1429 4367 diss.

614 4387 697 4469 ⁷⁴)
744 4391 950 4456 Aliter
995 4391 1329 4471 Westphal
1381 4411 1440 4472 p.
1489 4390 1547 4451 8.
