3417 5384
238 0 291 43 ἡ.
374 0 381 7 ”
424 0 863 48 xuafflazfffss*
884 6 895 31 ε
1042 0 1045 4 ·

458 62 469 71 ⁴
528 56 533 59 ,
566 52 573 67 t
610 50 623 57 ⁶
696 52 705 67 c
754 46 763 53 ¹

2663 502 2758 573 69

414 736 486 795 in
543 725 628 796 iis
685 726 996 815 partibus
1054 727 1587 815 tragoediarum,
1652 727 1724 795 in
1781 726 2024 813 quibus
2064 725 2243 796 actio
2264 720 2537 796 fabulae
2559 743 2761 813 quam

411 834 705 902 maxime
765 832 1091 922 procedit,
1153 833 1281 906 hoc
1338 842 1437 904 est
1495 834 1565 902 in
1624 833 1864 922 quibus
1978 831 2154 902 actio
2263 852 2481 920 neque
2555 850 2765 927 expo-⁶

412 941 594 1008 nitur
652 934 929 1023 (rectius
1005 935 1430 1028 proponitur)
1486 960 1704 1027 neque
1782 939 2090 1028 solvitur,
2169 937 2255 1007 ad
2322 938 2760 1026 intermpti'o·

410 1066 561 1116 nem
621 1046 977 1115 continuae
1061 1047 1347 1118 actionis
1424 1065 1878 1134 ⁴personarum
1935 1044 2388 1116 denotandam
2450 1044 2762 1115 adhibita

413 1173 689 1222 esse.·-—
749 1150 942 1238 Quod
1000 1147 1152 1241 ipsa
1209 1153 1494 1224 stasima
1549 1152 2061 1242 tragoediarum
2119 1152 2403 1223 duorum
2432 1158 2501 1221 et
2554 1136 2761 1221 trium

409 1259 837 1348 histrionum,
897 1280 1066 1347 quas
1119 1281 1325 1330 manu
1382 1269 1711 1347 tenemus,
1791 1274 2125 1348 persaepe
2213 1258 2300 1329 ad
2356 1258 2762 1329 vestimenta

408 1365 735 1435 mutanda
791 1377 857 1436 et
909 1368 1236 1455 temporis
1293 1388 1562 1437 cursum
1620 1366 2078 1437 denotandum
2148 1365 2520 1454 composita
2613 1385 2761 1435 esse

413 1472 751 1561 videntur,
811 1472 880 1542 id
938 1474 1106 1543 satis
1163 1474 1336 1544 bene
1393 1496 1430 1544 e
1487 1472 1750 1543 duabus
1809 1473 2034 1544 causis
2116 1472 2521 1564 explicatur,
2626 1493 2763 1542 una

408 1579 588 1667 quod
644 1580 714 1648 in
771 1579 1129 1668 tragoedia
1187 1581 1384 1651 unius
1493 1579 1871 1660 histrionis,
1986 1588 2058 1648 ut
2112 1580 2251 1649 iam
2319 1579 2759 1668 explanatum
2850 1633 2857 1639 .

408 1694 532 1774 est,
595 1686 682 1755 ad
740 1707 855 1756 eas
913 1685 1083 1756 duas
1138 1708 1249 1756 res
1333 1688 1700 1777 praecipue
1814 1685 2339 1775 adhibebantur,
2469 1685 2760 1757 alterum

409 1792 586 1881 quod
644 1794 928 1891 stasima
985 1793 1322 1863 actionem
1380 1792 1876 1873 histrionalem‚
1992 1810 2126 1880 qua
2238 1793 2414 1864 actio
2483 1790 2760 1864 fabulae

410 1900 769 1978 evolvitur,
830 1900 915 1971 ad
972 1890 1236 1989 tempus
1295 1900 1570 1988 aliquod
1627 1899 2196 1989 interrumpentia
2227 1898 2317 1969 ad
2351 1899 2761 1970 vestimenta

410 2005 817 2076 histrionum
875 2015 1069 2076 extra
1125 2027 1443 2077 scaenam
1553 2006 1880 2076 mutanda
1964 2015 2031 2076 et
2086 2027 2354 2076 cursum
2431 2005 2759 2093 temporis

412 2112 907 2202 designandum
969 2125 1255 2202 perapta
1311 2122 1527 2184 erant.
1591 2110 1905 2183 Ceterum
1962 2119 2228 2182 veteres
2269 2113 2340 2181 in
2379 2111 2756 2201 tragoediis

411 2219 694 2308 agendis
754 2220 842 2288 ad
899 2220 1191 2309 speciem
1250 2220 1351 2290 rei
1408 2219 1631 2290 factae
1744 2218 2154 2290 servandam
2251 2218 2758 2290 denotationem

410 2346 645 2396 cursus
699 2328 1024 2415 temporis
1081 2327 1317 2415 magni
1376 2327 1848 2397 aestimavisse
1906 2326 2015 2395 vel
2073 2347 2156 2396 ex
2213 2325 2428 2396 Arist.
2526 2326 2613 2395 A.
2676 2326 2753 2396 P.

410 2430 485 2502 C.
553 2429 591 2495 ὃ
657 2429 895 2515 (1449
954 2434 998 2504 b
1062 2428 1374 2522 9-17),
1437 2432 1491 2504 C
1579 2430 1614 2495 7
1680 2424 1909 2523 <1451
1979 2454 2021 2503 a
2082 2427 2756 2523 6--15)satis,ap-

408 2551 624 2629 paret.
686 2540 910 2629 Atque
966 2562 1118 2611 cum
1175 2541 1358 2630 ipsos
1444 2549 1699 2629 poetaS‚
1817 2528 2211 2628 priusquam
2323 2539 2412 2609 ad
2488 2538 2758 2611 fabulas

406 2646 803 2718 scribendas
858 2668 929 2716 se
987 2646 1391 2726 conferrent,
1452 2655 1854 2735 argumenta
1915 2647 2067 2736 ipsa
2133 2667 2170 2716 e
2227 2667 2401 2716 vero·
2445 2652 2758 2717 successu

407 2774 631 2823 rerum
690 2754 1112 2843 singularum
1169 2754 1241 2822 in
1297 2754 1568 2843 singula
1626 2753 1954 2843 episodia'
1990 2752 2309 2824 divisisse
2366 2753 2535 2823 satis
2575 2747 2756 2824 veriss

407 2861 629 2932 simile
685 2862 795 2950 sit,
855 2882 991 2930 non
1048 2860 1434 2931 mirandum
1491 2869 1615 2948 est,
1675 2859 1856 2949 quod
1910 2861 2196 2930 stasima
2253 2860 2430 2930 inter
2514 2880 2597 2930 ea
2653 2860 2756 2928 in-

406 2967 825 3039 tercedentia
880 2988 1212 3057 persaepe
1268 2967 1357 3038 ad
1413 2988 1683 3041 cursum
1721 2968 2045 3059 temporis
2075 2966 2531 3038 denotandum
2571 2987 2752 3038 com·

411 3076 631 3163 posita
687 3097 836 3145 esse
890 3075 1229 3145 videntur.
1292 3073 1395 3145 Cf.
1458 3075 1671 3144 Arist.
1734 3075 1820 3142 A.
1879 3073 1957 3143 P.
2020 3072 2094 3144 C.
2177 3070 2264 3137 17
2381 3067 2618 3160 (1454
2714 3094 2757 3143 a

624 3392 1172 3466 Conformatione
1229 3395 1545 3466 scaenica
1602 3394 2026 3482 singularum
2098 3394 2394 3483 partium
2485 3402 2769 3491 tragoe-x

408 3502 675 3572 diarum
736 3510 1089 3592 perspecta
1148 3501 1521 3591 videamus,
1582 3522 1670 3571 an
1731 3510 1970 3588 poetae
2054 3508 2309 3570 certum
2400 3521 2754 3571 numerum

412 3609 706 3698 partium
763 3610 1231 3680 scaenicarum
1289 3609 1360 3678 in
1470 3608 1760 3697 singulis
1869 3607 2246 3697 tragoediis
2328 3608 2543 3677 secuti
2618 3607 2755 3679 sint

410 3737 642 3786 necne.
704 3715 785 3784 In
843 3736 976 3804 qua
1033 3736 1108 3785 re
1165 3714 1583 3785 absolvenda
1640 3714 2047 3803 singillatim
2086 3714 2171 3785 de
2211 3715 2427 3803 poetis
2465 3715 2750 3803 tragicis

414 3823 751 3911 agendum
809 3832 912 3892 est
990 3821 1325 3892 Numeros
1381 3830 1608 3892 autem
1663 3841 2004 3910 versuum,
2103 3820 2346 3909 quibus
2440 3812 2754 3910 singulae

411 3939 640 4019 partes
695 3928 1206 4018 tragoediarum
1264 3927 1584 3999 definitae
1641 3936 1818 4016 sunt,
1879 3927 2188 3998 invenies
2244 3928 2317 3997 in
2373 3927 2753 4020 appendice

411 4036 570 4107 huic
627 4036 945 4125 opusculo
995 4035 1253 4106 addita.

624 4141 1094 4231 Incipiendum
1149 4150 1253 4213 est
1306 4162 1470 4233 ergo
1527 4141 1613 4212 ab
1671 4140 2038 4231 Aeschy10,
2098 4140 2288 4211 cuius
2351 4141 2749 4230 tragoediae

410 4249 483 4317 in
537 4249 667 4320 duo
722 4269 979 4338 genera
1033 4248 1450 4319 dividuntur:
1510 4269 1740 4337 unum,
1803 4248 1990 4319 cuius
2029 4247 2302 4336 generis
2349 4248 2749 4335 tragoediae

410 4356 691 4444 prologo
748 4365 1005 4443 carent,
1066 4355 1377 4436 alterum,
1439 4355 1627 4426 cuius
1664 4355 1937 4445 generis
1965 4353 2362 4443 tragoediae
2390 4354 2751 4446 prologum

412 4462 686 4532 habent.
746 4461 1191 4551 Tragoediae‚
1252 4481 1426 4550 quae
1484 4462 1766 4551 prologo
1825 4470 2083 4543 carent,
2126 4454 2346 4546 (Pers.
2380 4469 2447 4532 et
2485 4458 2752 4556 Suppl.)
