3417 5384
719 405 861 499 lle

699 647 922 725 Aiace
971 636 1043 749 pt
1099 643 1345 717 Tmoli.
1409 638 1486 732 (2
1549 638 1753 736 trag:
1820 633 2146 737 esem)
2185 645 2256 719 in
2306 646 2509 719 tertia
2548 668 2588 718 a
2626 625 2766 719 fine
2823 634 3047 736 parteg

705 757 778 825 in
834 754 1099 842 ceteris,
1159 775 1402 844 nempe
1458 754 1725 844 Antig.,·
1786 753 1953 825 Oed.
2007 755 2119 844 R.²
2200 753 2341 844 El„
2399 755 2609 845 Phil„
2668 753 2838 826 Oed.
2895 754 3074 824 Uol?

712 859 789 945 (5
848 871 1046 950 trags
1118 855 1204 923 71
1271 850 1492 953 ²³s'70s)
1550 861 1621 931 in
1695 870 1892 952 parte
1967 862 2385 951 paenultima
2460 862 2748 933 actionis
2803 861 3047 932 hisrio-

705 969 887 1040 nalis
943 969 1303 1058 reperitur.
1367 968 1589 1055 Atque
1645 968 1716 1037 id
1774 962 1989 1060 μέρος
2047 969 2118 1038 in
2174 991 2291 1039 sex
2343 963 2597 1058 (Aiac.‚
2657 970 2797 1039 Ant
2831 1024 2847 1056 ‚
2905 967 3048 1057 Et,-

706 1068 914 1159 Phil,
975 1075 1117 1165 Tr„
1177 1074 1347 1148 ced.
1395 1073 1563 1145 cor:
1628 1066 1952 1166 caelvm)
2010 1075 2381 1166 tragoediis
2438 1076 2733 1148 efficitur
2788 1075 3052 1175 duabus

708 1184 999 1273 scaenis,
1058 1204 1233 1271 quae
1290 1183 1361 1252 in
1418 1183 1812 1253 universum
1871 1183 2325 1282 accessionem
2365 1182 2652 1255 duarum
2690 1192 2920 1254 rerum
2962 1182 3054 1277 ad

706 1290 1176 1373 antecedentia
1232 1280 1908 1379 repraesentantlffl).
1969 1290 2259 1362 Tantum
2315 1291 2414 1373 in(
2442 1312 2577 1362 una
2606 1301 2813 1380 trag„
2872 1288 3047 1362 Oed.

705 1388 789 1469 R.
853 1387 1237 1489 (142l7⁰s„),
1292 1397 1421 1468 hoc
1450 1396 1667 1489 μέρος
1724 1419 1806 1468 ex
1861 1418 1998 1469 una
2054 1418 2303 1469 scaena
2360 1407 2645 1489 constat,
2705 1414 2878 1486 quae
2935 1418 3049 1467 ac-

708 1506 1081 1577 cessionem
1133 1512 1397 1576 tantum
1451 1505 1648 1575 unius
1723 1505 1825 1575 rei
1901 1505 1987 1576 ad
2062 1505 2533 1577 antecedentia.
2597 1494 3044 1596 praebet¹92).

921 1611 1149 1682 Tertio
1202 1612 1350 1683 loco
1405 1613 1831 1702 expositurus
1887 1634 2033 1683 sum
2071 1634 2175 1701 ea,
2216 1632 2389 1701 quae
2420 1612 2508 1684 ad
2538 1613 3055 1684 collocationem

709 1720 1085 1791 eandarum
1126 1719 1420 1809 partium
1460 1719 1530 1788 in
1568 1718 1945 1808 tragoediis
1982 1719 2379 1811 Euripideis
2418 1721 2780 1810 pertinent.
2827 1721 3055 1807 Atque

710 1844 795 1898 ex
852 1827 937 1896 iis
996 1826 1370 1915 tragoediis
1407 1835 1670 1897 tantum
1739 1826 2040 1898 Troades
2105 1828 2365 1898 nullam
2420 1827 2802 1899 metabasin
2859 1826 3054 1903 exhi-

707 1935 888 2024 bent,
951 1955 1099 2005 cum
1156 1935 1228 2003 in
1285 1953 1366 2004 ea
1420 1934 1780 2023 tragoedia
1836 1955 2046 2022 usque
2103 1933 2188 2005 ad
2247 1934 2454 2005 finem
2519 1944 2737 2005 status
2794 1955 3050 2021 rerum,

708 2063 905 2130 quem
960 2040 1230 2111 initium
1287 2041 1572 2112 actionis
1628 2064 1691 2110 v.
1741 2035 2156 2108 230—307
2199 2043 2412 2132 ponit,
2456 2042 2581 2113 etsi
2619 2041 2814 2113 vario
2851 2040 3056 2112 modo

708 2149 1109 2237 illustratur,
1170 2156 1397 2218 tamen
1465 2149 1535 2217 in
1588 2149 1983 2220 universum
2040 2150 2430 2221 immutatus
2487 2153 2926 2239 parmaneat(
2970 2147 3056 2217 In

928 2351 1036 2435 191)
1082 2354 1175 2420 Ut
1221 2359 1504 2420 nostram
1551 2354 1933 2421 sententiam
1981 2356 2381 2436 explicemus,
2432 2355 2590 2423 satis
2637 2355 2779 2444 erit,
2856 2354 2913 2420 si
2959 2355 3023 2419 vi

707 2448 988 2523 deamUS,
1037 2462 1158 2525 quo
1205 2445 1388 2509 modo
1433 2462 1537 2509 res
1584 2463 1653 2510 se
1698 2444 1933 2510 habeat
1978 2446 2206 2511 saltem
2254 2446 2318 2510 in
2366 2445 2681 2528 Antigona
2713 2449 2781 2510 et
2809 2443 3056 2526 Oedipo

707 2537 997 2602 Coloneo.
1050 2537 1257 2612 Atque
1302 2535 1368 2598 in
1415 2535 1732 2616 Antigona
1765 2539 1822 2591 ἐἰ
1862 2538 2023 2609 ἀρχὴ
2069 2538 2187 2602 τῆς
2233 2538 2451 2610 μεταβ.
2497 2535 2658 2599 ·hoc‘
2681 2540 2785 2600 est
2830 2533 3056 2599 occisio

706 2624 1048 2691 Haemonis
1104 2624 1183 2688 ab
1230 2642 1303 2687 eo
1350 2624 1487 2704 ipso
1535 2630 1684 2689 ante
1725 2624 1937 2689 oculos
1985 2622 2186 2705 patris
2232 2629 2605 2706 perpetrata
2653 2644 2721 2688 v.
2773 2623 3058 2685 1155—-

712 2714 881 2777 1179
938 2718 1358 2796 praeparatur
1403 2731 1527 2777 non
1573 2715 1774 2779 solum
1822 2731 2050 2779 scaena
2098 2732 2241 2778 eam
2289 2713 2492 2795 ipsam
2542 2714 2958 2779 antecedente
2987 2731 3055 2776 v.

711 2802 1171 2878 1091-1114,
1223 2803 1338 2866 sub
1386 2802 1560 2866 cuius
1607 2801 1731 2867 fine
1778 2802 1937 2868 Creo
1985 2803 2174 2882 choro
2223 2804 2591 2875 consulente
2663 2803 2747 2868 ad
2791 2802 3059 2884 Antigo-

604 2902 608 2909 '
708 2911 856 2958 nam
903 2891 1295 2956 liberandam
1342 2909 1411 2956 se
1458 2891 1724 2972 confert,
1775 2892 1886 2957 sed
1933 2891 2129 2957 etiam
2177 2910 2402 2957 scaena
2447 2893 2527 2956 ab
2573 2910 2652 2956 ea
2719 2892 2926 2957 altera
2990 2910 3055 2954 v·

709 2977 1126 3058 asa-1090,
1173 2980 1236 3043 in
1284 2998 1408 3060 qua.
1453 2980 1733 3050 Tiresias
1780 3000 1853 3046 eo
1901 2987 2247 3064 permotus,
2298 2982 2463 3062 quod
2509 2980 2753 3046 frustra
2810 2980 3051 3046 Creon·

595 3119 598 3122 -
708 3066 838 3141 tem
852 3069 1190 3151 consuluit,
1211 3075 1285 3134 ut
1306 3070 1658 3152 Polynicem
1680 3070 1981 3153 sepeliret
2003 3070 2510 3152 Antigonamque
2532 3066 2851 3147 liberaret,
2874 3070 2933 3135 ei
2953 3070 3056 3134 in-

710 3161 1055 3235 fortunium
1092 3159 1423 3224 imminens
1471 3160 1861 3242 pronuntiat:
1910 3178 2059 3242 ergo
2108 3161 2352 3225 duabus
2399 3160 2645 3224 scaenis
2689 3160 2875 3224 huius
2921 3164 3053 3223 tra-

708 3248 971 3330 goediae
1017 3254 1402 3314 momentum
1447 3248 1740 3315 fortunae
1787 3250 2245 3314 convertendae
2290 3249 2643 3314 adducitur.
2693 3250 2768 3313 In
2806 3247 3055 3329 Oedipo
3127 3290 3132 3291 ff

709 3344 924 3404 autem
974 3337 1242 3403 Coloneo
1287 3342 1332 3394 ἡ
1381 3341 1541 3412 ἀρχὴ
1587 3343 1702 3403 τῆς
1752 3342 1970 3415 μεταβ.
2020 3358 2077 3403 V.
2130 3336 2571 3407 1579—1669
2617 3339 2735 3404 hoc
2779 3343 2884 3426 esi(
2913 3338 3094 3420 ipse·

710 3429 917 3493 exitus
974 3427 1202 3508 Oedipi
1248 3446 1284 3491 e
1330 3428 1462 3492 vita
1508 3433 1730 3493 manat
1774 3446 1899 3492 non
1946 3428 2145 3493 solum
2192 3445 2229 3492 e
2279 3445 2509 3492 scaena
2584 3446 2725 3492 eam
2799 3432 3052 3498 antece·

709 3518 900 3583 dente
989 3536 1045 3580 v.
1127 3511 1586 3596 1500-1555,
1633 3517 1869 3597 inqua
1916 3516 2196 3598 Oedipus
2243 3516 2493 3582 Thesea
2527 3535 2751 3583 secum
2813 3516 3056 3586 habens

708 3607 1050 3671 moriturus
1111 3623 1146 3670 e
1194 3622 1424 3671 scaena
1470 3606 1794 3683 abscessit,
1838 3607 1949 3671 sed
1995 3606 2192 3671 etiam
2235 3625 2274 3670 e
2322 3624 2551 3671 scaena
2597 3607 2677 3670 ab
2724 3623 2804 3671 ea
2850 3605 3058 3679 altera

709 3716 763 3761 v.
826 3692 1285 3772 1447—1499‚
1334 3696 1397 3758 in
1445 3714 1567 3778 qua
1613 3695 1894 3760 tonitrua
1941 3695 2108 3761 Iovis
2183 3692 2429 3776 Oedipo
2517 3701 2767 3776 tempus
2815 3693 3056 3761 doloris

708 3784 964 3850 finiendi
1008 3783 1124 3848 hoc
1169 3789 1270 3849 est
1313 3785 1621 3850 moriendi
1668 3802 1862 3865 prope
1908 3802 2049 3850 esse
2093 3785 2406 3858 nuntiant,
2455 3786 2535 3849 ob
2582 3803 2770 3866 quam
2799 3802 3056 3850 causam

708 3875 815 3939 ille
860 3875 1109 3939 Thesea
1155 3873 1237 3936 ad
1283 3892 1352 3938 se
1395 3880 1611 3938 vocat:
1661 3874 1879 3954 itaque
1925 3875 2130 3956 ipsum
2157 3877 2348 3948 μέρος
2372 3877 2692 3958 ὃὲσχαζεόν
2723 3879 2895 3933 ἐστιν
2934 3878 3056 3938 etc.
3129 3880 3134 3881 *

708 3964 895 4028 huius
941 3959 1309 4044 tragoediae
1355 3963 1597 4027 duabus
1644 3964 1891 4028 scaenis
1938 3961 2229 4028 efficitur.

930 4051 1035 4133 192)
1085 4052 1233 4133 Ipsa
1281 4070 1547 4128 scaena„
1578 4053 1656 4115 de
1703 4071 1828 4132 qua
1873 4052 1989 4117 hoc
2036 4053 2167 4118 loco
2215 4051 2464 4129 dicitur,
2511 4057 2610 4117 est
2655 4072 2713 4116 v,
2765 4050 2935 4116 1110
2963 4076 3056 4096 2—-

717 4140 885 4203 1185
934 4141 1089 4206 Oed.
1137 4138 1235 4220 R,
1284 4143 1348 4205 in
1396 4160 1518 4221 qua
1565 4159 1679 4222 per
1724 4143 2143 4206 accessionem
2190 4139 2412 4204 famuli
2459 4142 2574 4206 Lai
2622 4142 2703 4206 ad
2742 4139 3059 4223 Oedipum

711 4237 778 4297 et
823 4232 1111 4295 nuntium
1159 4230 1466 4295 Corinthii
1502 4230 1776 4295 accessio
1825 4231 2009 4295 unius
2054 4248 2252 4295 novae
2300 4231 2390 4294 rei
2437 4230 2517 4294 ad
2586 4231 3057 4309 antecedentia,

714 4321 956 4384 scilicet
1001 4319 1479 4400 anagnorismus
1527 4319 1754 4400 Oedipi
1801 4319 2019 4400 ipsiuS,
2069 4317 2361 4394 efficitur,
2443 4318 2509 4382 in
2593 4338 2714 4399 quo
2783 4336 3061 4384 momen·

714 4414 850 4476 tum
894 4410 1030 4473 eius
1077 4406 1369 4473 fortunae
1415 4407 1875 4473 convertendae
1903 4405 2260 4493 ponendum
2299 4413 2412 4471 est.
