3417 5384
683 473 777 550 96

676 713 800 780 pro
856 693 1051 762 initio
1111 695 1400 764 actionis
1457 696 1683 782 totius>
1718 695 1992 765 fabulae
2046 717 2181 766 non
2221 718 2284 766 v,
2342 692 2517 785 446,
2561 696 2676 766 ubi
2714 718 2794 765 ea
2834 715 3019 765 scae·

674 820 765 868 na
840 799 1185 889 incipitur,
1265 802 1336 870 in
1393 823 1525 889 qua
1583 803 1804 891 ipsum
1860 815 2266 872 momentum
2341 804 2688 890 habemus,
2776 801 2894 872 sed
2951 823 3015 868 v,

681 900 855 988 261,
916 906 1094 977 unde
1152 929 1235 978 ea
1292 929 1541 978 scaena
1597 910 1865 978 initium
1924 910 2146 998 sumit,
2226 931 2359 998 qua
2452 909 2521 979 id
2612 917 3020 979 momentum

678 1023 1159 1102 praeparatur,
1219 1015 1572 1086 habendus
1628 1005 1886 1101 est¹52).

890 1120 1016 1191 His
1073 1120 1331 1191 duobus
1388 1124 1747 1194 momentis
1804 1123 2125 1193 indicatis
2199 1123 2574 1212 videamuS,
2634 1144 2766 1211 quo
2821 1122 3019 1192 modo

671 1228 822 1315 ipsa
907 1249 947 1297 a
1019 1229 1237 1316 poetis
1321 1230 1390 1297 in
1477 1231 1781 1318 singulas
1863 1231 2257 1318 tragoedias
2342 1229 2858 1300 distribuantur.
2940 1228 3014 1296 In

670 1354 804 1421 qua
860 1356 935 1403 re
991 1334 1524 1407 demonstranda
1607 1338 1970 1426 incipimus
2056 1338 2141 1407 ab
2228 1338 2591 1427 Aeschylo.
2680 1336 2761 1405 In
2818 1336 3010 1405 PerS.

671 1442 893 1526 prima
952 1441 1082 1511 duo
1142 1442 1421 1514 chorica
1496 1439 1588 1528 (v.
1678 1437 2012 1527 1—142)
2074 1445 2329 1532 pariter
2387 1453 2588 1531 atque
2646 1445 2718 1511 in
2775 1441 3008 1530 Suppl.

672 1537 764 1637 (V.
836 1543 1202 1636 l-—181),
1265 1550 1507 1637 quibus
1567 1551 1757 1620 chori
1813 1550 2221 1620 introductio
2277 1550 2378 1637 fit,
2423 1536 2509 1614 τὰ
2546 1562 3010 1640 προπεπραγ-

670 1649 858 1744 μένα
914 1667 1276 1742 exponunt.
1358 1657 1582 1745 Atque
1655 1658 1975 1744 quoniam
2050 1657 2179 1727 hae
2236 1657 2408 1726 duae
2465 1657 2888 1745 tragoediae,
2945 1664 3016 1723 ut

668 1762 808 1830 iam
873 1761 946 1832 C.
1008 1762 1080 1832 II
1135 1763 1201 1833 h.
1260 1763 1423 1834 diss.
1504 1763 2037 1834 demonstratum
2112 1773 2235 1853 est,
2314 1764 2396 1833 ad
2477 1773 2770 1833 aetatem
2827 1772 3010 1831 vetu-

668 1868 1048 1939 stissimam
1123 1881 1454 1960 spectant,
1543 1892 1667 1959 pro
1751 1872 2211 1941 vetustissima
2265 1871 2485 1940 forma
2567 1869 3012 1960 expositionis

887 2133 992 2206 ¹⁶2)
1042 2130 1223 2207 Quod
1276 2133 1493 2195 Arnim
1541 2133 1649 2203 (de
1698 2131 1857 2208 prol.
1908 2132 2060 2194 Eur.
2110 2135 2249 2193 arte
2296 2136 2362 2192 et
2425 2129 2721 2209 interpol.
2790 2148 2852 2207 p.
2902 2125 3016 2199 85)

664 2218 910 2281 initium
960 2220 1226 2284 actionis
1273 2227 1477 2286 vocat.
1527 2220 1592 2282 id
1639 2219 1794 2283 nihil
1842 2220 2012 2284 aliud
2060 2226 2179 2296 est,
2209 2219 2331 2282 nisi
2358 2219 2608 2282 initium
2648 2218 2785 2282 eius
2845 2233 3009 2280 scae·

663 2326 802 2381 nae,
878 2326 996 2388 qua
1066 2308 1432 2389 plerumque
1478 2314 1864 2373 momentum
1930 2309 2195 2372 actionis
2287 2309 2632 2371 nectendae
2717 2304 3010 2370 efficitur.

666 2396 963 2476 Appellat
1010 2399 1175 2460 enim
1222 2398 1317 2461 vir
1363 2398 1584 2461 doctus
1633 2398 1881 2462 initium
1929 2397 2195 2461 actionis
2243 2396 2418 2460 illum
2439 2397 2642 2460 locum
2683 2395 3008 2467 dramatis

662 2485 725 2547 in
774 2501 923 2562 quo,
970 2494 1185 2565 partes
1233 2487 1400 2550 inter
1445 2505 1513 2550 se
1560 2488 1914 2550 contrariae
1960 2487 2231 2567 primum
2271 2486 2437 2549 inter
2467 2504 2535 2548 se
2581 2491 3008 2566 opponantur.

663 2574 1032 2654 Propterea,
1079 2583 1153 2639 ut
1199 2575 1551 2656 exemplum
1599 2577 1681 2639 ad
1730 2575 2158 2640 definitionem
2228 2575 2729 2638 Arniminianam
2816 2573 3006 2653 expli-

661 2663 924 2727 candam
973 2670 1194 2743 aptum
1242 2666 1492 2742 addam,
1542 2665 1606 2728 in
1656 2665 1916 2729 Bacchis
1963 2685 2018 2728 v.
2116 2661 2243 2723 215
2292 2683 2403 2744 pro
2496 2663 2677 2727 initio
2746 2663 3012 2726 actionis

659 2752 870 2826 habet,
921 2771 1043 2833 quo
1092 2773 1276 2818 versu
1323 2754 1430 2817 illa
1478 2772 1705 2818 scaena
1752 2755 2069 2833 incipitur,
2118 2754 2183 2816 in
2254 2772 2377 2833 qua
2454 2771 2547 2829 eo,
2617 2751 2785 2832 quod
2852 2751 3006 2815 Pen-

660 2841 848 2904 theus
896 2842 1212 2906 Bacchum
1263 2842 1706 2922 comprehendi
1754 2848 1947 2922 atque
1996 2843 2077 2905 ad
2124 2860 2192 2905 se
2257 2841 2516 2918 produci
2599 2841 2798 2915 iubet,
2877 2858 3007 2904 mo-

659 2937 943 2994 mentum
993 2932 1260 2995 actionis
1308 2931 1657 2995 nectendae
1708 2929 1999 2995 efficitur.
2051 2931 2285 2993 Tamen
2369 2930 2664 3010 quoniam
2744 2929 2811 2992 id
2877 2948 3007 2992 mo·

658 3024 941 3082 mentum
981 3019 1106 3082 iam
1154 3038 1380 3084 scaena
1429 3020 1845 3084 antecedente
1892 3041 1928 3083 v
2000 3016 2374 3080 170-21-4.
2462 3020 2568 3082 ubi
2634 3018 3010 3098 colloquium

616 3108 827 3171 'inter
871 3109 1177 3172 Tiresiam
1226 3114 1291 3173 et
1359 3108 1662 3173 Cadmum
1757 3109 2078 3180 habemus,
2175 3115 2625 3188 praeparatur,
2719 3126 2798 3170 ex
2868 3126 3009 3171 mea

659 3215 905 3276 quoque
953 3199 1272 3262 sententia
1323 3218 1373 3260 v.
1438 3197 1555 3258 170
1608 3217 1720 3275 pro
1769 3198 1947 3262 initio
1994 3198 2259 3260 actionis
2306 3196 2633 3261 hab-udus
2681 3203 2802 3260 est.
2851 3200 3006 3259 Con·

657 3286 756 3347 fer
801 3305 856 3347 v.
908 3282 1039 3345 248
1088 3305 1219 3366 seq.
1266 3287 1393 3351 Sed
1440 3284 1867 3350 definitionem
1934 3286 2198 3350 actionis
2271 3285 2687 3365 incipiendae,
2785 3290 2857 3349 ut
2931 3285 3009 3347 ab

658 3374 916 3437 Arnimo
965 3375 1133 3440 factu
1182 3383 1297 3440 est.
1349 3394 1473 3438 non
1522 3393 1771 3455 semper
1815 3376 1896 3437 ad
1988 3375 2236 3438 initium
2311 3375 2445 3438 eius
2529 3393 2816 3438 scaenae.
2888 3392 3009 3454 qui

656 3471 1047 3527 momentum
1093 3465 1359 3529 actionis
1405 3464 1757 3527 nectendae
1823 3463 2105 3538 efficitur,
2201 3481 2546 3542 congruere
2640 3482 2717 3525 ex
2805 3462 3022 3542 Iphig.'

656 3552 841 3615 Taur.
890 3554 1219 3617 evincitur.
1269 3554 1343 3616 In
1391 3571 1513 3633 qua
1560 3551 1884 3632 tragoedia
1934 3574 1969 3615 e
2016 3550 2379 3615 definitione
2429 3552 2669 3615 Arnimi
2739 3553 2908 3616 actio
2975 3570 3011 3611 a

657 3661 716 3704 v.
767 3641 919 3717 467,
966 3648 1039 3704 ut
1085 3642 1222 3721 ipse
1269 3661 1328 3721 p.
1381 3639 1465 3700 85
1514 3641 1699 3704 testis
1748 3647 1866 3717 est,
1914 3641 2232 3720 incipitur,
2301 3641 2446 3720 quia
2494 3641 2581 3704 ibi
2657 3640 2866 3721 Iphig.
2947 3648 3012 3703 et

657 3729 919 3794 Orestts
965 3730 1112 3793 illae
1164 3738 1400 3810 partes,
1452 3747 1615 3810 quae
1663 3730 1832 3794 inter
1897 3749 1966 3794 se
2040 3731 2391 3793 contrariae
2486 3735 2653 3801 sunt,
2735 3730 3008 3810 primum

654 3819 823 3882 inter
869 3837 938 3883 se
984 3824 1404 3900 oppcnuntun
1456 3838 1594 3882 cum
1643 3838 1677 3881 e
1726 3824 1944 3882 nostra
2036 3819 2350 3882 sententia
2444 3819 2610 3883 actio
2658 3837 2698 3881 a
2749 3838 2807 3882 v.
2881 3816 3009 3877 2315

655 3908 1015 3987 imsipiatur,
1065 3909 1210 3988 quia
1260 3909 1405 3972 inde.
1453 3907 1699 3970 initium
1751 3909 1943 3970 sumit
1991 3926 2062 3970 ea
2114 3925 2366 3970 scaena.
2433 3907 2498 3969 in
2575 3926 2700 3986 qua
2797 3912 3009 3971 status

656 3997 1010 4075 primarius.
1063 4015 1249 4076 quem
1299 3997 1541 4076 prologi
1588 4016 1641 4059 V.
1696 3993 2002 4055 67—122
2050 3997 2410 4072 ostendunt,
2481 4013 2595 4075 per
2685 3996 2975 4059 narratio

652 4103 797 4148 nem
845 4085 1122 4163 pastoris
1168 4090 1606 4148 commutatur.
1656 4084 1810 4152 Inde
1856 4085 2052 4149 etiam
2099 4089 2383 4165 apparet,
2433 4084 2671 4147 rectius
2723 4087 2984 4148 'momen

653 4178 789 4237 tum
839 4175 1105 4238 actionis
1151 4175 1497 4238 nectendae
1546 4191 1617 4235 eo
1662 4172 1999 4237 >definitum
2047 4191 2205 4248 esse,
2253 4174 2418 4252 quod
2485 4173 2756 4251 primam
2845 4192 2983 4236 com

653 4262 1070 4326 mutationem
1119 4267 1326 4327 status
1376 4261 1655 4341 primarii
1704 4263 1985 4341 praebet,
2079 4268 2150 4324 ut
2242 4281 2357 4341 ego
2432 4259 2570 4338 feci,
2648 4279 2846 4341 quam
2914 4281 3009 4329 eo,

654 4351 821 4428 quod
868 4351 956 4414 ibi
1004 4356 1220 4430 partes
1265 4351 1434 4414 inter
1480 4368 1548 4413 se
1597 4352 1951 4413 contrariae
2000 4350 2267 4429 primum
2315 4350 2482 4412 inter
2549 4368 2617 4413 se
2674 4369 3002 4431 opponun-

655 4445 778 4517 tur,
829 4444 901 4502 ut
948 4457 1023 4502 ex
1073 4440 1388 4503 sententia
1443 4438 1682 4501 Arnimi
1731 4437 2220 4518 exspectandum
2269 4444 2428 4500 erat.

3223 5300 3356 5315 -7u..Zci;
