3417 5384
724 464 823 536 34

717 703 904 755 mero
960 691 1207 771 essent,
1285 703 1563 772 prorsus
1636 671 2149 772 neglexisse75).
2209 679 2400 769 Quae
2455 682 2802 754 samnitia
2853 681 3068 753 etim

714 809 797 863 eo
852 788 1325 877 &affirmatum
1379 788 1559 881 quod
1641 788 1844 861 exodi
1927 788 2242 861 definitio
2291 788 2733 861 Aristotelia
2786 790 2860 858 in
2916 797 3064 860 tra-

718 894 1035 984 goediam
1116 896 1646 969 vetustissimam
1727 895 2192 985 Aeoehyleam
2282 896 2355 966 id
2437 903 2541 967 est
2613 894 2849 986 Suppl.
2926 916 3068 966 non

712 1002 1032 1091 quadrat.
1119 1002 1312 1075 Haec
1392 1003 1770 1093 tragoedia,
1850 1012 1924 1072 ut
1976 1003 2116 1075 iam
2172 1011 2376 1075 antea
2430 1003 2598 1091 dixi,
2656 1023 2780 1093 per
2836 994 3070 1092 μέλος

714 1114 1077 1201 χοροῦ,θι
1131 1109 1401 1199 quidem
1458 1102 1633 1173 ἄνευ
1689 1099 1915 1180 ἀνα-ππ.
1975 1108 2100 1175 καὶ
2156 1128 2378 1204 wax„
2429 1098 2794 1196 finitur‘ffi).

715 3241 1030 3248 ——awu

938 3316 1016 3392 ⁷5)
1067 3313 1159 3380 Cf.
1212 3315 1286 3379 G.
1340 3314 1578 3389 Herm„
1629 3333 1856 3379 comm.
1909 3315 1990 3379 ad
2039 3315 2114 3378 A.
2165 3313 2231 3379 P.
2283 3315 2427 3392 XII,
2481 3314 2547 3373 6.

938 3436 1016 3517 76)
1055 3438 1231 3516 Quod
1279 3441 1362 3507 ad
1409 3441 1678 3504 exodum
1754 3441 1938 3509 Eum.
1985 3447 2051 3506 et
2098 3440 2358 3520 Septem
2434 3442 2733 3521 pertinet,
2803 3459 2950 3505 cum
2989 3439 3069 3503 iis

716 3530 852 3595 sine
890 3529 1080 3593 dubio
1128 3528 1414 3593 definitio
1459 3528 1866 3595 Aristotelica
1937 3530 2242 3611 congruit.
2293 3528 2621 3595 Cantirum
2668 3530 2836 3595 enim
2879 3528 3066 3595 Eum.

725 3615 916 3695 1033,
964 3636 1085 3697 quo
1132 3618 1459 3699 tragoedia
1508 3619 1590 3682 ad
1637 3617 1832 3685 finem
1879 3619 2274 3700 perducitur,
2321 3638 2444 3682 non
2484 3618 2657 3682 chori
2699 3619 2917 3699 ipsius,
2953 3617 3071 3681 sed

720 3707 1340 3788 parachoregematis
1368 3707 1432 3770 id
1465 3713 1565 3771 est
1612 3707 1909 3772 comitum
1958 3707 2218 3771 dearum
2266 3713 2402 3785 est3
2451 3708 2515 3770 in
2548 3704 2804 3787 Septem
2851 3712 3070 3770 autem

718 3796 876 3860 illud
921 3799 1196 3873 χομκόν,
1246 3814 1370 3876 quo
1435 3795 1795 3877 tragoedia,
1843 3802 1916 3861 ut
1960 3797 2150 3861 nobis
2200 3797 2440 3863 tradita
2487 3802 2605 3870 est,
2653 3796 2897 3871 finitur,
2945 3813 3072 3859 non

720 3904 834 3965 pro
884 3874 1083 3959 μέλος,
1126 3889 1323 3959 χοροῦ
1368 3884 1733 3953 habendum
1781 3891 1900 3960 est,
1941 3886 2240 3965 quoniam
2289 3891 2539 3951 tantum
2587 3904 2624 3949 e
2669 3891 2831 3968 syst.
2880 3902 3068 3963 anap.

716 3980 990 4038 constat.
1040 4007 1111 4016 —
1175 3973 1354 4051 Quod
1432 3981 1648 4039 autem
1695 3974 1776 4038 ad
1825 3973 2258 4039 definitionem
2306 3975 2552 4040 stasimi
2600 3973 3072 4039 Aristotelicam

716 4062 972 4132 attinet,
1022 4080 1162 4129 eam
1209 4063 1289 4127 ab
1336 4081 1455 4127 usu
1498 4062 1845 4145 Aeschyleo
1919 4063 2279 4143 discrepare
2347 4068 2599 4128 tanturn
2645 4063 2691 4129 ii
2751 4061 3072 4127 affirmare

720 4157 1003 4235 possunt,
1054 4152 1165 4233 qui
1209 4171 1349 4215 eum
1399 4146 1808 4231 Westphalio
1855 4171 1915 4233 p.
1950 4149 2151 4231 62(p.
2198 4150 2304 4230 13)
2334 4152 2515 4221 Eum.
2568 4151 2696 4213 917
2736 4151 3073 4217 Stasimum

718 4245 1034 4317 statuunt,
1082 4242 1226 4320 quia
1275 4241 1340 4304 id
1390 4241 1703 4305 canticum
1750 4258 1821 4304 re
1867 4259 2017 4304 vera
2064 4247 2442 4320 anapaestos
2490 4259 2709 4306 versus
2758 4240 3070 4307 eontinet.

717 4328 957 4392 Tamen
1028 4329 1094 4393 id
1163 4329 1478 4394 canticum
1526 4346 1607 4394 ne
1654 4329 1721 4393 in
1767 4328 1903 4393 loco
1979 4329 2237 4409 quidam
2309 4330 2556 4397 stasimi
2605 4329 2880 4410 poeitum
2928 4346 3073 4393 esse

716 4423 942 4497 postea
990 4414 1411 4499 intellegetur.
