3417 5384
742 437 838 508 74
980 384 1035 451 *²

648 672 653 676 ·
700 658 809 727 in
862 655 1277 746 universum,
1336 648 1513 743 quod
1539 706 1544 711 -
1567 654 1654 726 ad
1711 674 1983 775 sensum
2040 657 2355 765 pertinet,
2419 676 2464 726 a
2488 637 2783 744 prologi
2840 655 3093 749 ultima.

642 793 648 800 Δ
734 772 933 854 parte
989 772 1091 832 et
1112 763 1199 832 ab
1257 761 1545 851 episodii
1626 762 1834 852 primi
1916 771 2112 851 parte
2192 760 2420 862 priore
2503 784 2670 836 ιιοιι
2679 762 3075 832 divellitur.

624 861 628 866 ’
735 869 889 940 Huc
945 868 1232 944 accedit
1291 867 1469 957 quod
1525 869 1597 938 in
1633 869 1902 959 prologi
1939 869 2179 939 ultima
2216 878 2434 958 parte,
2476 869 2563 939 1ιι
2586 867 2842 958 parodo
2881 889 3078 938 com-

738 977 994 1048 matica
1067 984 1136 1047 et
1206 975 1279 1045 in
1336 976 1626 1062 epis-odii
1682 976 2027 1064 sequentis
2082 977 2312 1065 priore
2368 986 2562 1064 parte
2619 993 2901 1073 semper
2943 995 3089 1066 una

419 1091 423 1096 ’
527 1098 531 1103 ”
617 1095 624 1114 ’·
725 1082 1112 1170 ¹eademque
1165 1078 1459 1171 persona
1544 1084 1708 1171 agit
1797 1083 1904 1152 Ita
1985 1082 2089 1162 fit,
2175 1098 2248 1152 ut
2321 1083 2620 1171 parodus
2676 1081 3093 1165 commatica

517 1276 520 1280 .
614 1203 629 1289 J
739 1191 1127 1311 prologum
1152 1198 1219 1260 et
1273 1189 1650 1278 episodium
1710 1191 2004 1276 ιιίιιιιιιιι
2059 1183 2392 1279 (exceptis
2451 1184 2842 1260 'lroadibus
2872 1184 3095 1271 -.Eur)

739 1298 813 1387 in
867 1317 1074 1369 unam
1128 1304 1395 1386 partem
1450 1297 1743 1368 actionis
1797 1296 2264 1379 histrionalis
2295 1296 2847 1385 comprehendat,
2907 1315 3092 1382 quae

743 1403 830 1474 ab
884 1403 1105 1474 altera
1151 1411 1358 1491 parte
1434 1403 1721 1474 actionis
1796 1403 2223 1475 histrionalis
2288 1403 2702 1491 disiungitur
2765 1423 2888 1492 per
2935 1402 3096 1490 pri-

733 1499 924 1579 'mum
980 1509 1356 1598 Stasimum,
1415 1509 1615 1597 quod,
1673 1517 1749 1579 ut
1804 1490 2149 1583 ehericum
2204 1521 2467 1580 tantum
2544 1533 2584 1580 a
2660 1509 2866 1580 choro
2925 1516 3085 1577 can-

702 1621 998 1751 statum,
1030 1616 1379 1694 actionem
1421 1605 1896 1687 ιιιειιίοιι31οιιι
1954 1618 2506 1709 interrumpit..
2989 1648 2996 1650 ⁷

912 1672 1150 1809 -Quod
1209 1732 1431 1794 autem
1492 1723 1578 1792 ad
1637 1735 1864 1794 cetera
1920 1725 2344 1812 commatica,
2395 1744 2569 1811 quae
2615 1692 2762 1794 loco
2819 1693 3086 1793 stasimi

744 1753 975 1919 posita
1021 1838 1198 1918 sunt,
1258 1831 1572 1919 pertint
1634 1852 1743 1901 res
1834 1832 2031 1920 longe
2135 1831 2344 1901 aliter
2419 1852 2491 1901 se
2585 1830 2811 1900 habet.
2885 1827 3089 1898 Nam

745 1937 1235 2027 commaticum.
1278 1938 1386 2006 vel
1443 1902 2047 2026 epiri-hematicum
2105 1939 2258 2009 loco
2309 1937 2572 2008 stasimi
2631 1913 2927 2025 positum
2971 1957 3114 2024 pers

744 2064 1107 2141 personam
1161 2052 1316 2132 post
1372 2043 1629 2113 abitum
1705 2052 2085 2114 ceterarum
2144 2045 2214 2112 in
2270 2065 2523 2115 scaena
2578 2052 3096 2140 permanentem

508 2144 511 2146 ’
598 2207 603 2211 .
652 2217 655 2220 ,
699 2154 720 2249 θ’
746 2159 812 2234 et
840 2233 845 2237 .
870 2151 1170 2220 chorum
1207 2159 1541 2221 astantem
1627 2150 1938 2227 efficitur
1984 2152 2202 2239 'longe
2281 2152 2481 2221 aliter
2538 2159 2739 2238 atque
2794 2149 3103 2239 parodus

655 2279 658 2282 ·
750 2259 1178 2346 commatica‚
1239 2257 1354 2326 ubi
1413 2258 1660 2327 chorus
1719 2258 1864 2346 ipse
1921 2259 2113 2345 quasi
2173 2258 2348 2328 alter
2414 2258 2659 2328 histrio
2715 2257 2806 2329 ad
2861 2277 3094 2353 perso-

748 2383 907 2433 nam
965 2364 1035 2432 in
1065 2360 1361 2434 ’scaena'
1400 2371 1787 2435 versantem
1826 2386 1898 2435 se
1936 2365 2272 2445 convertit
2309 2374 2513 2453 atque
2567 2385 2649 2434 ex
2708 2384 2789 2433 ea
2847 2371 3102 2437 statum

749 2491 1000 2546 rerum,
1065 2474 1298 2558 vquem·
1370 2470 1731 2560 tragoedia
1807 2473 2018 2560 ponit,
2099 2459 2590 2561 comperit‚¹27)
2665 2471 2843 2540 unde
2920 2488 3101 2565 nova
3191 2560 3198 2564 ι

748 2590 1002 2649 scaena
1077 2577 1276 2647 huius
1336 2578 1617 2666 primae
1691 2579 1908 2666 partis
1994 2567 2282 2648 actionis
2337 2578 2776 2651 histrionalis
2823 2577 3101 2646 initium

749 2684 975 2775 capit:
1016 2683 1168 2754 Huc
1226 2684 1510 2772 accedit,
1572 2685 1751 2773 quod
1792 2686 2195 2754 commatice,
2234 2686 2341 2755 vel
2381 2684 2918 2773 epirrhematica
2950 2683 3104 2767 loco
3190 2752 3195 2756 .

672 2806 675 2807 ’
747 2791 1012 2864 stasimi
1065 2791 1316 2879 posita⁴
1347 2792 1493 2867 sine
1540 2791 1788 2884 damno
1824 2793 2123 2880 partium
2165 2792 2451 2863 actionis
2489 2790 2919 2862 histrionalis
2960 2789 3080 2861 eir-

750 2897 1262 2981 cumstantium⁴
1305 2907 1729 2969 exsecantur.
1796 2923 1800 2926 ’

967 3004 1071 3074 [ta
1127 3004 1442 3092 efficitur,
1496 3013 1570 3074 ut
1619 3013 1888 3083 *tantum
1939 3005 2269 3099 -parodia
2308 2992 2515 3074 choro
2565 3004 2714 3079 solo
2753 3012 3103 3089 cantatae,

644 3099 691 3113 ”
750 3111 1037 3182 stasima
1092 3119 1158 3179 et
1216 3112 1734 3183 cantic-achori
1772 3112 1930 3185 locor
1959 3113 2226 3183 stasimi
2301 3111 2523 3201 posita
2561 3132 2635 3180 re
2672 3131 2840 3180 vera
2889 3109 3099 3180 actio-

748 3239 902 3287 nem
963 3208 1458 3307 histrionalem,
1520 3238 1653 3307 qua
1709 3220 1908 3290 unice
1965 3228 2436 3306 argumentum
2509 3218 2782 3288 fabulae
2848 3216 3095 3293 evolvi·

664 3378 669 3383 .
748 3333 905 3415 tur„
943 3324 1700 3421 interrumpent<·atque
1756 3325 2093 3414 imprimis
2151 3326 2239 3413 ad
2305 3334 2536 3413 partes
2611 3325 2902 3403 actionis
2958 3323 3105 3393 his-

743 3430 1064 3512 trionalis
1122 3430 1530 3502 dividendas
1586 3433 1832 3521 valere·
1886 3432 2269 3505 videantur.
2347 3433 2573 3521 Atque
2648 3453 2800 3502 cum
2854 3432 2929 3499 in
2973 3451 3096 3500 -ve-

748 3537 1138 3608 tustissimis
1202 3530 1530 3629 Aeschyli
1596 3539 1969 3627 tragoediis
2026 3539 2222 3609 Pers.
2280 3542 2368 3608 et‘
2405 3539 2639 3628 Suphl.
2703 3538 2900 3608 chori
2956 3559 3097 3606 mu-

749 3665 877 3715 nus
932 3664 1069 3713 non
1119 3652 1384 3715 tantum
1443 3645 1530 3713 ad
1583 3655 1816 3734 partes
1875 3646 2162 3732 actionis
2220 3645 2665 3733 hist1·ionaliS‚
2707 3665 2843 3733 qua.
2896 3665 3101 3732 argu-

749 3759 1048 3820 mentum
1105 3750 1462 3841 evolvitur‚
1524 3751 1980 3840 seiungendas
2036 3761 2346 3840 spectare
2405 3752 2737 3839 videatur,
2820 3771 3105 3822 necesse

636 3882 639 3885 ·
751 3866 875 3947 est,
936 3865 1008 3925 ut
1061 3864 1462 3945 statuamus,
1523 3867 1787 3955 tantum
1845 3859 2136 3960 decursu
2164 3859 2488 3946 temprois
2527 3858 2596 3927 id
2637 3858 2894 3929 factum
2927 3879 3102 3946 esse,

750 3972 825 4032 ut
881 3963 1073 4033 chori
1132 3965 1572 4053 praecipuum
1629 3958 1871 4036 munus
1926 3967 1997 4034 in
2054 3965 2365 4054 partibus
2446 3966 2733 4047 actionis
2819 3958 3102 4035 histrio·

745 4070 933 4156 nalis
992 4069 1429 4159 seiungendis
1487 4080 1903 4143 coerceatur.
1966 4067 2127 4161 Ipsa
2184 4072 2482 4160 chorica‚
2550 4071 2757 4148 ‚unde
2815 4068 2888 4141 id
2949 4092 3103 4161 con·

754 4176 1028 4268 cludere
1085 4175 1265 4265 licet,
1327 4187 1482 4248 sunt
1540 4178 1730 4248 haec:
1793 4179 1983 4265 Pers,
2047 4178 2267 4266 prima
2325 4178 2456 4249 duo
2514 4178 2897 4248 choricav.
2958 4175 3109 4241 1-—

830 4364 837 4371 1
899 4460 902 4464 a
972 4401 1076 4481 ¹²⁷)
1129 4402 1236 4466 Of.
1286 4403 1429 4466 adn.
1487 4399 1640 4462 104.
