3417 5384
2595 457 2701 526 13-

339 680 622 769 ideoque
677 680 750 749 in
807 678 1183 769 appendice
1256 679 1415 750 huic
1491 678 1955 748 dissertationi
2034 677 2291 755 addita,
2369 677 2484 745 ubi
2542 686 2729 776 tra-2

340 787 617 877 goedias
674 786 980 856 Grraecas
1037 786 1406 856 Aristotele
1464 786 1742 855 ducein
1783 796 2016 874 partes
2072 784 2298 871 divisi,
2362 804 2477 853 eas
2518 782 2730 873 duas„

340 906 569 983 partes
626 894 1173 982 praetermittere
1230 913 1362 962 non
1422 903 1774 962 cunctatus
1828 912 1996 960 sum.
2715 872 2730 885 ²

554 1107 752 1177 Nunc
826 1117 1297 1177 convertamus
1351 1127 1474 1175 nos
1531 1105 1618 1175 ad
1704 1105 2011 1193 singulas
2083 1116 2313 1192 partes
2388 1104 2698 1174 omnium.

338 1213 849 1303 tragoediarum
905 1233 1291 1283 communes
1350 1211 1905 1283 considerandas.

555 1319 661 1388 Ex
722 1319 828 1390 his
885 1320 1194 1409 partibus
1249 1319 1474 1408 prima
1531 1330 1632 1389 est
1705 1319 2049 1408 prologus,
2111 1339 2308 1406 quem
2366 1319 2463 1387 ita
2519 1317 2663 1386 Ari-

336 1427 612 1497 stoteles
669 1425 1021 1496 definivit:
1083 1424 1297 1517 μέρος
1355 1417 1538 1488 ὅλον
1606 1417 2015 1516 τραγῳδίας
2075 1421 2153 1487 το
2232 1421 2372 1516 πρὸ
2452 1428 2690 1516 χοροῦ

341 1528 689 1624 παρόδου.
752 1532 903 1603 Vox
960 1534 1110 1621 ipsa
1167 1531 1383 1623 μέρος
1459 1531 1547 1601 ad
1602 1530 2111 1620 tragoediarum
2197 1531 2512 1620 prologos
2569 1529 2694 1600 de-

340 1639 673 1710 notandos
712 1640 820 1710 vel
863 1639 949 1709 ab
1012 1638 1477 1726 Aristophane
1535 1650 1733 1726 poeta
1772 1639 1843 1707 in
1881 1637 2098 1708 Ranis
2172 1635 2247 1702 ll
2280 1630 2698 1702 19—1120

344 1747 657 1817 adhibita
713 1756 854 1815 est:
916 1746 1037 1810 καὶ
1098 1738 1248 1834 μὴν
1306 1733 1416 1805 ἐπ’
1480 1738 1742 1812 αὐτοὺς
1819 1740 1986 1812 τοὺς
2060 1737 2484 1836 προλόγους
2568 1758 2683 1807 σοι

344 1844 723 1945 τρέρ.’·ομαι,
786 1847 981 1921 ὅπως
1020 1850 1100 1915 τὸ
1143 1857 1435 1943 πρῶτον
1494 1854 1623 1929 τῆς
1679 1842 2091 1942 τραγῳδίας
2130 1850 2366 1941 μέρος,
2428 1850 2694 1922 Tamen

342 1961 469 2031 hoc
527 1959 674 2029 loco
731 1951 1152 2049 προλόγους
1208 1957 1383 2028 nihil
1442 1958 1627 2028 aliud
1686 1956 2086 2046 significare
2144 1979 2344 2045 quam
2393 1958 2686 2047 primam

344 2067 740 2156 orationem,
802 2086 936 2153 qua.
990 2064 1350 2153 tragoedia
1406 2065 1755 2154 incipitur,
1815 2064 1952 2134 iam
2012 2085 2093 2133 ex
2162 2066 2490 2153 exemplis
2529 2085 2682 2153 pro·

342 2175 673 2262 logorum‚
733 2194 906 2260 quae
966 2172 1463 2260 Aristophanes
1520 2173 1590 2240 in
1649 2169 2087 2259 sequentibus
2163 2172 2411 2247 attulit,
2474 2192 2683 2260 appa·

344 2291 467 2350 ret.
513 2279 613 2349 Of.
660 2278 884 2348 Schol.
928 2278 1056 2348 R:
1117 2277 1219 2347 εἰς
1260 2264 1344 2342 τῖι
1398 2280 1750 2370 προοίμια
1808 2269 2183 2357 ὃηλόνοτι.
2244 2278 2434 2367 Ergo
2474 2278 2696 2348 verba

344 2383 424 2450 τὸ
492 2391 786 2477 πρῶτον
860 2384 1075 2476 μέρος
1153 2386 1281 2462 τῆς
1352 2378 1764 2476 τραγῳδίας
1825 2394 2021 2472 pocta
2078 2405 2155 2454 eo
2213 2386 2495 2457 consilio
2561 2385 2694 2456 1100

344 2494 490 2563 1000
549 2491 896 2563 addidisse
936 2492 1225 2580 videtur,
1266 2501 1340 2559 ut
1382 2513 1657 2561 causam
1715 2491 2077 2578 indicaret,
2141 2513 2261 2562 cur
2315 2492 2685 2581 Euripides

344 2622 408 2670 v.
485 2594 675 2668 1119
738 2598 827 2669 ad
884 2620 995 2669 eos
1039 2621 1110 2669 se
1151 2598 1565 2686 contulisset,
1610 2598 1940 2686 simulque
1997 2606 2067 2665 ut
2125 2619 2357 2669 omnes
2424 2608 2689 2688 specta·

341 2716 523 2776 tores
600 2706 1092 2794 intellegerent,
1170 2705 1333 2794 quid
1408 2705 1538 2774 sibi
1615 2705 1822 2776 vellet
1895 2725 2025 2773 vox
2111 2698 2533 2795 προλόγους
2575 2694 2699 2786 '9)..

342 2812 494 2882 Huc
551 2811 835 2900 accedit,
914 2812 1091 2899 quod
1148 2813 1651 2901 Aristophanes
1728 2810 2233 2883 Grammaticus
2290 2813 2362 2882 in
2419 2833 2681 2902 argum.

340 2918 648 3007 tragoed.
735 2905 1159 3009 προλογίζει
1220 2941 1487 3008 semper
1544 2919 1631 2989 ad
1687 2939 2049 3009 personam
2106 2919 2336 3006 refert,
2391 2940 2434 2988 a
2501 2919 2688 2989 cuius

342 3027 570 3096 verbis
643 3024 1002 3113 tragoedia
1054 3026 1404 3144 incipitur,
1466 3027 1670 3096 veluti
1731 3027 1801 3096 in
1862 3045 2125 3113 argum
2190 3026 2395 3115 Soph
2448 3025 2684 3115 Antig.

343 3141 484 3224 προ
490 3118 767 3220 λογίζει
830 3121 964 3221 (δὲ)
1034 3127 1079 3210 ἡ
1145 3121 1457 3223 ’.Αντιγ,
1522 3131 1729 3221 Soph.
1788 3132 1900 3201 El.
1961 3165 2063 3176 —-
2122 3133 2160 3195 ὁ
2219 3126 2711 3220 παιδαγωγὸς·

346 3227 719 3329 Ὀρέστου,
796 3236 967 3309 Oed.
1045 3239 1115 3307 in
1191 3236 1335 3308 Col.
1407 3275 1495 3284 -—
1555 3226 1937 3325 Οἰδίπους,
2027 3239 2194 3309 Eur.
2273 3240 2423 3309 Alc
2489 3275 2586 3284 ·—-
2651 3239 2690 3302 ὀ

348 3333 777 3426 Απόλλων
838 3343 1024 3414 Med.
1102 3381 1167 3388 -
1240 3341 1513 3436 τροφὸς
1577 3333 2689 3438 Mr16„JphTaur.—an

342 3449 613 3540 γένεια,
647 3452 900 3521 phorm,
946 3487 1031 3495 -—
1074 3439 1461 3539 Ἰοκάστη,
1495 3448 1739 3522 Oreste
1778 3486 1864 3495 —-
1910 3440 2012 3516 Η
2015 3444 2309 3543 λέκτρα,
2340 3452 2560 3522 Andr.
2595 3488 2683 3498 --

348 3546 702 3650 Ἀνδρομ.
767 3558 1136 3629 Praeterea
1194 3556 1424 3628 confer
1479 3557 1669 3629 Pers.
1734 3578 1909 3647 arg.:
1981 3545 2405 3649 προλογίζει
2455 3555 2706 3653 χορὸς

340 3654 795 3755 πρεσβυτῶν,
854 3664 1078 3735 Αῃοη,
1138 3663 1386 3735 Rhesi:
1448 3664 1486 3727 ὀ
1543 3660 1780 3757 χορὸς
1832 3698 1932 3710 -—
1982 3658 2065 3730 ὲκ
2104 3657 2464 3756 φυλάκων
2520 3655 2689 3757 Τρ.,

341 3773 409 3831 οῖ
463 3768 585 3833 καὶ
643 3758 1348 3861 προλογίζουσινῖθ).
1428 3757 1537 3841 Ex
1610 3772 1855 3859 quibus
1931 3771 2237 3860 intellegi
2296 3781 2535 3860 potest,
2596 3771 2685 3841 si·

339 3874 743 3963 gnificatum
792 3878 1195 3967 primarium
1224 3878 1412 3950 vocis
1439 3879 1709 3968 prologi
1747 3899 1896 3950 esse
1948 3878 2101 3964 „die
2130 3877 2676 3967 Anfangsrede,“

341 3981 413 4051 id
467 3983 644 4071 quod
701 3981 950 4055 Graeci
1009 3985 1081 4053 in
1156 3985 1543 4054 universum
1619 3985 2038 4074 prooemium
2108 3985 2460 4075 appellare
2518 3986 2708 4056 sole-

556 4212 634 4287 ι9)
688 4207 786 4274 Cf.
835 4209 1081 4275 Wilam.
1127 4208 1318 4276 Orest
1389 4209 1475 4285 ΙΙ,
1524 4229 1583 4291 p.
1638 4208 1789 4275 149.

555 4330 636 4487 ἶ)
714 4335 807 4400 Id.
881 4336 1005 4401 iam
1090 4335 1352 4401 Vossius
1436 4332 1614 4418 (diss.
1698 4333 1936 4416 inaug.)
2011 4354 2070 4415 p.
2151 4334 2233 4394 16
2317 4341 2496 4403 reete
2578 4336 2672 4400 ob

339 4440 631 4489 servam.
