3417 5384
726 447 822 517 36

719 666 869 756 ipse
923 684 1242 734 numerus
1296 664 1617 754 partium,
1676 686 1716 735 e
1769 665 2014 752 quibus
2069 663 2380 754 singulae
2434 663 2863 755 Aeschyleae
2926 672 3069 734 tra-

722 770 1005 862 goediae
1064 778 1396 860 constant,
1457 771 1814 861 prologum
1891 771 1978 842 ad
2060 768 2350 841 formam
2424 771 2865 842 vetustiorem
2919 779 3067 840 tra-

719 877 1139 968 goediarum,
1198 896 1374 966 quae
1429 898 1508 948 eo
1564 877 1865 967 carebat,
1948 877 2338 948 adiunctum
2393 898 2543 948 esse
2599 877 2767 948 satis
2838 878 3072 965 arguit

721 1006 801 1057 ac
857 984 1296 1055 demonstrat.
1356 983 1537 1054 Nam
1594 1004 1747 1054 cum
1803 985 2057 1056 Persae
2102 991 2170 1054 et
2225 984 2489 1075 Suppl.‚
2549 1004 2724 1071 quae
2777 984 3069 1073 prologo

720 1098 980 1180 carent,
1035 1089 1367 1181 parodum
1440 1089 1836 1181 bipertitam
1911 1111 1994 1162 ac
2065 1092 2204 1160 tria
2277 1090 2588 1180 episodia
2659 1091 3060 1180 praebeant,

719 1197 1004 1270 eandem
1059 1197 1452 1285 bipertitam
1523 1197 1858 1288 parodum
1933 1198 2350 1287 eundemque
2433 1216 2784 1267 numerum
2839 1198 3064 1286 episo-

718 1306 984 1377 diorum
1039 1302 1399 1375 ostendunt
1481 1305 1689 1375 etiam
1745 1305 1994 1395 Agam.
2055 1313 2124 1374 et
2178 1302 2472 1393 Septem,
2533 1305 2647 1392 qui
2705 1304 3067 1393 prologum

719 1410 1025 1482 introitui
1082 1410 1273 1481 chori
1345 1409 1798 1498 praemissum
1868 1398 2250 1486 habent78).
2327 1412 2567 1499 Itaque
2634 1420 2864 1499 partes
2918 1411 3061 1482 his-

714 1518 961 1593 trionis
1015 1517 1089 1588 in
1129 1516 1473 1607 principio
1529 1525 1747 1607 erant,
1803 1525 1880 1586 ut
1932 1526 2086 1606 post
2124 1518 2314 1589 chori
2352 1517 2716 1589 dictionem
2755 1517 2867 1588 vel
2906 1538 3067 1588 can-

716 1628 925 1697 ticum
982 1632 1217 1713 ageret
1274 1616 1850 1716 (ὑποκρίνεσθαι)
1927 1633 2129 1712 atque
2202 1634 2437 1714 postea
2492 1623 2749 1694 factum
2804 1633 2927 1713 est,
2987 1633 3066 1695 ut

717 1733 925 1804 etiam
981 1739 1136 1802 ante
1194 1731 1535 1801 canticum
1593 1730 1786 1801 chori
1844 1739 2077 1819 ageret
2144 1716 2804 1823 (προλογίζειν)79).
2867 1728 3061 1817 Quae

716 1838 1053 1911 sententia
1133 1838 1339 1907 etiam
1422 1837 1827 1908 testimoniis
1913 1838 2003 1907 ad
2083 1837 2465 1927 primordia
2547 1837 3064 1927 tragoediarum

714 1944 1215 2037 pertinentibus
1251 1943 1480 2013 fulciri
1538 1943 1831 2032 videtur,
1891 1963 2303 2033 quamquam
2357 1966 2482 2034 per
2528 1965 2600 2014 se
2638 1944 2815 2033 ipsa·
2843 1965 3066 2032 neque

717 2053 885 2124 satis
926 2051 1116 2122 clara
1152 2071 1369 2139 neque
1400 2051 1568 2121 satis
1608 2060 1795 2121 certa
1834 2039 2110 2135 sunt80).
2155 2050 2263 2121 lta
2300 2050 2502 2140 Diog.
2545 2049 2779 2121 Laert.
2827 2045 2895 2121 3
2936 2045 3059 2121 56:

717 2155 959 2249 ὥσπερ
1044 2149 1120 2220 δὲ
1203 2154 1283 2221 τὸ
1369 2150 1697 2220 παλαιὸν
1781 2150 1860 2219 ἐν
1938 2159 2026 2249 τῇ
2083 2151 2454 2249 τραγῳδίᾳ
2509 2152 2868 2250 πρότερον
2924 2153 3065 2280 {ter

716 2260 949 2359 μόνος
1024 2262 1061 2325 ὁ
1135 2260 1372 2358 χορὸς
1445 2229 2019 2354 διεδραμάτιζεν.
2106 2259 2413 2355 ὕστερον
2472 2257 2549 2328 δὲ
2608 2255 2874 2334 Θέσπις
2929 2259 3065 2327 ἕνα

714 2361 1121 2463 ὑποκριτὴν
1176 2357 1460 2462 ἐξεῦρεν
1516 2366 1695 2461 ὑπὲρ
1753 2375 1878 2433 τοῦ
1953 2361 2526 2434 διαναπαύεσθαι
2601 2367 2733 2434 τὸν
2790 2364 3058 2472 χορόν,

713 2477 838 2542 καὶ
899 2471 1234 2568 δεύτερον
1289 2467 1705 2570 Αἰσχύλος,
1767 2472 1900 2541 τὸν
1976 2470 2052 2541 δὲ
2118 2479 2444 2569 τρίτον
2423 2468 2828 2568 Σοφοκλῆς
2885 2495 3061 2566 quae

716 2605 859 2673 seq.
920 2604 1134 2672 aeque
1209 2592 1409 2674 atque
1479 2582 1730 2654 Pollux
1787 2577 2113 2673 4,123;
2200 2575 2406 2653 ἐλεὸς
2482 2569 2597 2647 δ’
2553 2601 2652 2667 ην
2734 2569 3061 2675 τράπεζα

672 2681 999 2785 ,ἀρχαία
1052 2678 1163 2782 ἐφ’
1172 2687 1269 2774 ἣν
1325 2686 1466 2783 πρὸ
1516 2682 1871 2759 Θέσπιδος
1925 2689 2028 2759 etc
2082 2708 2192 2760 τις
2246 2675 2531 2778 ἀναβὰς
2587 2698 2739 2758 τοῖς
2794 2708 3062 2782 χορευ-

715 2806 874 2866 taz<-
930 2786 1374 2888 ἀπεκρὶνατο
1459 2796 1813 2868 histrionis
1895 2797 2365 2868 recitationem
2445 2805 2622 2887 post,
2678 2818 2815 2868 non
2876 2805 3059 2878 ante,

714 2903 906 2975 chori
964 2905 1234 2974 cantica
1289 2912 1546 2993 ponunt
1600 2904 1708 2973 vel
1765 2924 2018 2992 ponere
2085 2893 2525 2995 videnturffl).

927 3116 1358 3188 Inventorem
1413 3116 1681 3206 prologi
1740 3115 1811 3186 id
1868 3125 1969 3187 est
2025 3138 2200 3207 eum,
2261 3117 2375 3205 qui
2431 3117 2726 3207 primum
2775 3117 3067 3207 prologo

715 3244 872 3296 usus
927 3232 1052 3306 est,
1139 3223 1583 3294 Aristotelem
1639 3231 1874 3294 notum
1929 3222 2255 3294 habuisse
2312 3244 2350 3293 e
2404 3244 2471 3312 p.
2541 3218 2740 3288 1449
2796 3222 2840 3293 b
2884 3217 2927 3287 4
2967 3221 3058 3291 A.

921 3462 1009 3548 ⁷⁸)
1056 3467 1351 3548 Singulas
1399 3472 1617 3548 partes
1635 3466 1859 3531 harum
1882 3471 2185 3547 quattuor
2201 3465 2692 3550 Aeschylearum
2739 3420 3059 3547 tragoedi·

714 3576 894 3623 arum
940 3560 1342 3620 enumeratas
1388 3555 1669 3619 invenies
1716 3555 1781 3619 in
1829 3555 2177 3636 appendice
2247 3555 2394 3619 huic
2469 3555 2723 3620 dissert.
2811 3554 3063 3619 addita.

914 3659 992 3739 ⁷⁹)
1037 3662 1226 3728 Jdem
1277 3663 1356 3728 de
1377 3663 1495 3726 hac
1541 3682 1612 3727 re
1659 3664 1742 3728 de
1789 3662 2043 3728 Wilam.
2094 3682 2161 3743 p.
2207 3660 2323 3724 87¹
2352 3662 2544 3727 Herc.
2579 3662 2612 3726 I
2657 3669 2725 3727 et
2771 3662 3061 3738 Bethius,

712 3754 755 3819 l.
802 3753 866 3830 l.,
915 3771 976 3834 p.
1028 3749 1159 3812 168
1204 3752 1674 3816 iudicaverunt·
1681 3785 1766 3794 —-
1815 3751 2024 3817 Aliter
2069 3751 2219 3829 Leo,
2267 3751 2475 3817 Plaut.
2525 3748 2781 3817 Forsch.
2816 3770 2879 3833 p.
2910 3742 3064 3816 171

932 3857 1012 3939 ⁸⁰)
1061 3861 1159 3925 De
1206 3859 1744 3938 interpretatione
1788 3859 2012 3923 horum
2059 3859 2567 3925 testimoniorum
2613 3858 2760 3924 vide
2835 3858 3060 3937 Hiller,

668 3958 673 3965 ’
714 3950 982 4016 Hermes
1029 3946 1134 4026 21,
1184 3967 1245 4029 p.
1295 3945 1447 4025 326,
1501 3946 1632 4010 327
1678 3966 1814 4029 seq.

932 4052 1014 4137 ⁸¹)
1059 4056 1157 4120 Ex
1201 4055 1311 4119 illa
1356 4073 1510 4119 voce
1557 4056 1916 4115 ἐπεισόδιον
1989 4055 2144 4120 nihil
2227 4056 2385 4121 certi
2438 4057 2519 4121 de
2563 4055 2915 4121 vetustiore
2961 4053 3062 4117 vel

712 4145 1063 4211 recentiore
1109 4149 1328 4210 aetate
1374 4144 1618 4226 prologi
1664 4143 1971 4212 efficitur,
2019 4144 2165 4225 quia
2212 4144 2458 4222 histri0,
2517 4145 2624 4225 qui
2670 4145 2752 4209 ad
2799 4143 3054 4207 chorum

713 4234 977 4311 accedit,
1028 4252 1177 4316 ergo
1221 4234 1417 4298 verba
1467 4233 1640 4298 chori
1707 4233 1887 4313 sequi
1978 4233 2171 4299 debet
2263 4234 2789 4313 (ὑποκρίνεσθαι),
2861 4232 3061 4297 etiam

704 4323 885 4388 ‘chori
931 4324 1065 4388 sive
1110 4323 1354 4388 cantico
1401 4322 1602 4398 primo
1651 4323 1786 4387 sive
1833 4321 2121 4387 introitui
2168 4322 2234 4386 in
2281 4339 2572 4387 scaenam
2632 4322 2825 4387 verba
2873 4338 3063 4402 prae·

713 4430 948 4492 ponere
992 4412 1203 4494 potuit
1249 4410 1356 4488 (ng
1367 4401 1735 4491 ολογίζειν).
2955 4450 2962 4454 -
