3417 5384
2630 482 2818 562 9⁶?x

380 714 604 800 'prima
662 710 961 801 chorica,
1023 708 1262 801 quibus
1339 696 1527 784 chori
1616 720 1772 783 ante
1829 697 2230 784 histrionem
2287 720 2356 782 in
2400 719 2729 784 ‚scaenam

383 818 793 890 introductio
865 818 1021 890 fieri
1096 820 1378 909 solebat,
1465 819 1784 890 habenda
1840 807 2150 903 suntlss3).
2210 820 2469 891 Tamen
2532 828 2731 910 parte

384 927 681 1013 quadam
739 927 1024 997 actionis
1079 926 1505 998 histrionalis
1562 926 1755 997 chori
1809 927 2115 997 introitui
2191 927 2567 1019 praemissa
2619 928 2725 996 ni-

382 1034 629 1102 mirum
685 1032 936 1103 factum
992 1042 1113 1122 est,
1193 1042 1265 1103 ut
1340 1044 1603 1104 munus'
1653 1034 2097 1124 expositionis
2171 1035 2243 1104 in
2300 1054 2450 1106 eam
2505 1034 2727 1123 ipsam

380 1149 670 1229 partem,
759 1161 800 1210 a
883 1160 1016 1229 qua
1098 1162 1277 1212 nunc
1359 1141 1720 1231 tragoedia
1787 1141 2180 1230 incipiebat,
2238 1141 2727 1213 transferretur

382 1256 587 1336 atque
644 1249 867 1338 prima
924 1248 1224 1335 chorica,
1294 1258 1366 1318 ut
1443 1258 1592 1338 post
1666 1269 1818 1318 eam
1892 1249 2140 1338 posita,
2216 1249 2583 1338 praecipue
2640 1248 2728 1319 ad

356 1350 663 1427 ‘chorum
719 1356 789 1423 in
847 1354 1148 1429 fabulam
1208 1355 1770 1426 introducendum
1808 1354 2495 1426 valere'viderentur.
2557 1352 2725 1446 Cum

362 1456 605 1532 *autem
691 1461 776 1532 ad
862 1452 1197 1533 actionem
1279 1463 1744 1552 incipiendam
1827 1463 1971 1533 sive
2053 1462 2480 1534 efficiendam
2566 1471 2724 1534 ante

258 1588 265 1599 ·
381 1570 609 1640 omnia
662 1569 1030 1640 histriones
1069 1571 1440 1641 necessarii
1479 1579 1724 1659 essent,
1768 1569 1923 1640 fieri
1963 1570 2205 1658 potuit,
2239 1578 2311 1639 ut
2348 1571 2470 1640 illa
2501 1571 2726 1659 prima

379 1697 540 1765 pars
595 1676 1019 1748 histrionalis
1059 1699 1193 1747 non
1232 1678 1446 1748 solum
1498 1679 2007 1768 expositionem,
2069 1676 2188 1775 sed
2244 1678 2450 1746 etiam
2510 1678 2719 1749 actio·

378 1805 531 1854 nem
591 1784 987 1854 contineret.
1049 1786 1272 1874 Atque
1361 1807 1437 1855 re
1492 1806 1657 1855 vera
1715 1806 1798 1855 ex
1847 1780 1899 1848 ὃ
1965 1784 2364 1877 Aeschyleis
2420 1785 2726 1874 prologis

378 1891 710 1980 praebent
769 1886 812 1955 4
875 1885 1124 1975 (80⁰l)
1204 1893 1689 1982 expositionem
1777 1913 1927 1962 cum
2010 1900 2346 1962 momento
2430 1893 2719 1962 actionis

376 1998 749 2070 nectendae
808 1999 1259 2088 coniunctam,
1320 2021 1454 2069 una
1511 1989 2030 2084 tantum(20⁰l0)
2068 1998 2555 2089 expositionem
2583 2020 2720 2069 non

380 2127 529 2176 cum
585 2106 714 2177 hoc
769 2115 1105 2176 momento
1164 2106 1611 2178 coniunctam.
1674 2106 1766 2182 Et
1803 2105 2072 2194 quidem
2109 2107 2184 2175 in
2223 2105 2493 2196 Septem
2537 2102 2721 2192 (1-

384 2207 536 2301 38),
597 2213 845 2302 Agam.
910 2208 1252 2302 (1-21),
1312 2214 1508 2299 Eum.
1571 2207 1893 2299 (1-63)
1973 2214 2163 2303 prior
2233 2234 2397 2303 pars
2451 2213 2723 2302 prologi

378 2328 639 2390 tantum
670 2321 1180 2410 expositionem,
1216 2322 1438 2393 altera
1466 2330 1727 2391 tantum
1762 2314 2065 2410 (Septem
2100 2317 2194 2385 39
2218 2317 2353 2384 -7
2370 2315 2435 2409 7,
2470 2320 2717 2409 Agam.

384 2421 719 2516 22-39,
778 2427 976 2501 Eum.
1046 2423 1438 2512 64-142)
1500 2437 1908 2499 momentum
1984 2428 2271 2499 actionis
2353 2428 2725 2498 nectendae

374 2535 730 2623 praebent,
792 2556 937 2605 cum
1010 2537 1085 2604 in
1163 2536 1390 2605 Prom.
1468 2536 1751 2625 prologo
1828 2530 1919 2619 (v.
1988 2529 2325 2619 1—129)
2391 2535 2722 2623 expositio

377 2652 442 2712 et
496 2651 906 2712 momentum
965 2643 1250 2713 actionis
1305 2642 1680 2714 nectendae
1737 2643 1915 2713 inter
1962 2663 2035 2712 se
2083 2630 2715 2730 implectantu1·¹¹⁵4).

378 2748 632 2820 Contra
704 2751 775 2818 in
851 2747 1180 2839 Choeph.,
1261 2750 1375 2820 ubi
1447 2751 1769 2840 prologus
1844 2758 2021 2819 totus
2107 2743 2201 2837 (v,
2273 2742 2555 2837 1—21)
2633 2770 2716 2819 ex

340 2857 797 2947 ⁴expositione
855 2865 1137 2945 constat,
1214 2867 1625 2927 momentum
1682 2857 1991 2931 ‘actionis
2023 2894 2028 2901 ·
2064 2855 2435 2927 nectendae
2495 2855 2716 2927 altera

374 2984 537 3053 pars
592 2963 878 3053 episodii
966 2964 1168 3053 primi
1254 2980 1319 3034 v.
1413 2959 1825 3030 221—582
1912 2963 2215 3053 praebet.
2298 2962 2478 3033 Sane
2536 2963 2715 3033 actio

376 3069 678 3159 Ghoeph.
739 3072 877 3141 iam
934 3094 999 3141 v.
1065 3066 1186 3160 83,
1247 3072 1477 3142 statim
1533 3079 1685 3161 post
1742 3072 1932 3142 chori
1983 3070 2548 3141 introductionem
2606 3066 2708 3155 (v.

379 3172 717 3261 22—83)
758 3178 1104 3267 incipitur,
1158 3178 1319 3266 quia
1375 3178 1470 3259 ibi
1527 3199 1610 3248 ea
1658 3199 1918 3249 *scaena
1974 3175 2068 3264 (v.
2133 3170 2529 3263 83—210)
2586 3178 2713 3246 ini·

371 3285 539 3354 tium
598 3289 823 3375 sumit,
882 3307 1039 3375 qua,
1099 3286 1368 3355 etiamsi
1407 3286 1627 3376 ipsum
1665 3293 2076 3355 momentum
2116 3284 2403 3355 actionis
2444 3293 2712 3355 necten-

374 3392 503 3464 dae
558 3413 693 3462 non
750 3392 1131 3483 adducitur,
1191 3401 1417 3462 tamen
1500 3401 1977 3482 praeparatur.
2042 3390 2265 3461 Simili
2322 3391 2519 3462 modo
2575 3413 2712 3462 mo-

370 3536 535 3543 -—--—-.-

592 3581 701 3664 163)
752 3584 849 3647 Ex
895 3584 993 3659 iis,
1044 3601 1205 3663 quae
1253 3583 1333 3646 de
1380 3583 1666 3647 scaenica
1716 3582 2213 3648 conformatione
2292 3583 2555 3664 prologi,
2636 3581 2708 3648 C.

371 3672 433 3737 Π
479 3673 547 3737 h'.
600 3673 772 3752 diss„
823 3673 971 3745 dixi,
1024 3673 1184 3737 satis
1232 3672 1489 3736 dubium
1538 3677 1661 3746 est,
1712 3692 1861 3736 num
1909 3672 2019 3736 illa
2066 3691 2183 3737 vox
2251 3673 2496 3753 prologi
2544 3673 2706 3735 anti-

371 3762 590 3843 quitus
636 3762 778 3827 istis
826 3760 1045 3842 primis
1094 3763 1358 3826 chorii-is
1405 3762 1707 3829 haeserit.
1793 3762 1961 3842 Ergo
2009 3761 2166 3824 haec
2214 3762 2485 3833 chorita,
2550 3780 2715 3841 quae

371 3852 865 3916 vetustissimam
913 3848 1177 3919 formam
1226 3852 1447 3931 parodi
1493 3852 1789 3915 reddunt.
1844 3851 2148 3930 praebent
2223 3853 2416 3913 etiam
2492 3856 2710 3915 vetus-
2778 3932 2782 3936 .

371 3938 681 4006 tissimam
752 3940 1014 4004 formam
1063 3941 1495 4022 expositionis,
1544 3959 1667 4004 non
1717 3940 1979 4022 prologi.
2031 3937 2260 4004 Confer
2307 3940 2520 4004 Fabia.
2585 3940 2715 4004 Les

369 4031 704 4111 prologues
752 4031 830 4093 de
877 4031 1169 4106 Terence,
1220 4048 1281 4110 p.
1332 4028 1438 4113 633
1488 4030 1772 4093 Dzatzko
1824 4029 2076 4110 „Ueber
2121 4029 2200 4092 de
2230 4028 2437 4093 Plaut.
2479 4027 2710 4106 Prol.“,

586 4205 695 4286 ¹⁶⁴)
742 4209 843 4273 Ita
893 4209 977 4272 ad
1021 4213 1101 4267 τά
1148 4211 1679 4284 τροπετειαγμένα
1726 4207 1913 4272 huius
1962 4207 2237 4285 fabulae,
2289 4206 2425 4272 scil.
2470 4205 2708 4271 furtum

369 4299 531 4380 ignis
581 4299 842 4378 eiusque
889 4298 1329 4379 proditionem,
1379 4316 1542 4378 quae
1619 4317 1655 4362 e
1703 4297 1989 4377 personis
2037 4293 2100 4360 in
2149 4297 2411 4378 prologo
2461 4297 2709 4378 agenti·

369 4390 483 4452 bus
531 4388 968 4468 comperimus,
1003 4388 1245 4451 accedit
1291 4406 1495 4468 poena
1546 4387 1893 4451 Promethii
1939 4387 2059 4452 hoc
2110 4393 2210 4450 est
2256 4387 2319 4449 in
2367 4403 2526 4465 rupe
2574 4386 2712 4450 eius

368 4476 595 4554 affixiO,
647 4495 808 4559 quae
855 4495 957 4542 res
1003 4477 1070 4541 in
1115 4477 1254 4559 ipso
1301 4476 1563 4559 prologo
1613 4475 1974 4541 conficitur.

2569 4609 2599 4665 ‘1
