3417 5384
492 432 638 525 loo

396 662 413 673 ”
485 659 793 744 Ismenae
852 670 938 743 ad
985 669 1322 761 Oedipum
1360 695 1422 741 v,
1471 661 1766 761 324168)
1804 656 2199 743 adducatur.
2244 652 2469 760 Atque
2506 668 2824 758 quoniam

485 782 559 850 in
614 780 722 850 his
760 780 1055 869 quinque
1094 779 1454 869 tragoediis
1493 781 1812 870 prologus
1850 787 2112 849 tantum
2153 779 2638 868 expositionem
2668 799 2821 849 con-

483 889 673 967 tinet,
711 908 991 961 necesse
1029 895 1154 970 est,
1185 896 1257 956 ut
1294 896 1701 958 momentum
1733 885 2442 974 actionisnectendae‚
2477 886 2665 956 cuius
2695 885 2826 954 ini-

487 996 657 1066 tium
683 994 755 1064 in
785 994 892 1065 his
922 993 1296 1084 tragoediis
1325 995 1524 1064 simul
1555 995 1823 1065 initium
1854 995 2140 1065 actionis
2180 994 2394 1083 ipsius
2433 1001 2555 1082 est,
2598 992 2826 1063 statim

350 1103 354 1107 ’
418 1147 427 1151 -
486 1110 637 1193 post
691 1101 1256 1175 introductionem
1315 1102 1503 1172 chori
1582 1102 1968 1173 collocetur.
2055 1101 2312 1172 Tamen
2397 1121 2548 1170 cum
2635 1099 2827 1170 chori

487 1207 893 1281 introductio
950 1209 1021 1278 in
1077 1216 1390 1297 quattuor
1445 1230 1525 1279 ex
1584 1209 1693 1279 his
1776 1208 2171 1298 tragoediis,
2258 1229 2498 1297 nempe
2581 1206 2822 1294 Aiace,

487 1316 762 1405 Trach,
852 1307 995 1405 El„
1083 1314 1254 1387 Oed.
1345 1315 1487 1386 Col:
1573 1337 1708 1387 non
1789 1317 2009 1386 solum
2092 1336 2214 1404 per
2269 1315 2438 1384 illud
2488 1315 2825 1385 canticum

489 1423 705 1513 chori,
765 1422 942 1511 quod
998 1422 1293 1513 parodus
1362 1423 1632 1513 dicitur,
1722 1423 1841 1494 sed
1924 1423 2132 1493 etiam
2214 1443 2337 1510 per
2420 1421 2825 1509 colloquium

488 1528 669 1601 inter
723 1552 874 1601 eum
922 1530 1061 1600 iam
1117 1531 1187 1599 in
1244 1551 1493 1602 scaena
1542 1539 1879 1613 astantem
1918 1539 1983 1600 et
2018 1530 2423 1600 histrionem
2460 1528 2821 1617 quendam,

487 1638 664 1727 quod
720 1639 1018 1727 priorem
1074 1628 1338 1726 partem
1393 1637 1680 1727 episodii
1739 1638 1944 1726 primi
1984 1646 2293 1726 occupat,
2352 1635 2496 1717 fiat,
2556 1635 2627 1705 id
2675 1657 2822 1705 ‚mo-

487 1755 788 1815 mentum
841 1745 912 1814 in
966 1744 1075 1814 his
1132 1744 1509 1834 tragoediis
1565 1747 1636 1814 in
1695 1740 2165 1834 alteraparte
2243 1743 2537 1833 episodii
2621 1743 2825 1831 primi

493 1847 622 1938 [sic
655 1851 833 1922 Aiax
866 1841 1442 1938 333-595169),
1475 1852 1723 1923 Trach.
1760 1847 2342 1940 178-2204‚E1.
2382 1845 2530 1915 328
2565 1844 2824 1939 --471‚

488 1956 845 2030 Oedeol.
895 1953 1344 2046 324—5oa]
1388 1959 1769 2049 ponendum
1809 1967 1931 2030 est.
1974 1958 2163 2047 Ergo
2219 1967 2480 2029 tantum
2536 1958 2610 2026 in
2664 1957 2827 2027 Phi-

488 2065 729 2138 loctete
783 2065 855 2135 id
910 2076 1319 2136 momentum
1376 2068 1449 2136 in
1505 2068 1735 2156 priore
1819 2075 2013 2156 parte
2096 2065 2382 2154 episodii
2457 2065 2663 2155 primi
2722 2055 2819 2155 (v.

495 2167 642 2243 219
701 2166 874 2260 seq.)
932 2175 1291 2265 reperitur,
1351 2175 1510 2262 quia
1566 2174 1638 2243 in
1720 2175 1852 2265 hac
1930 2173 2288 2261 tragoedia
2380 2172 2468 2243 ad
2552 2172 2828 2242 chorum

446 2279 1052 2351 *introducendum
1107 2289 1369 2350 tantum
1426 2280 1722 2370 paredus
1779 2280 2098 2350 adhibita>
2141 2290 2267 2351 est.
2328 2280 2439 2349 Ex
2503 2281 2830 2350 hactenus

491 2388 692 2458 dictis
750 2386 1010 2458 clarum
1067 2397 1190 2477 est,
1249 2397 1658 2460 momentum
1698 2389 2003 2459 actionis
2057 2387 2431 2458 nectendae
2508 2387 2651 2457 sive
2707 2387 2830 2456 ini-

490 2496 656 2564 tium
713 2495 917 2566 totius
974 2495 1260 2566 actionis
1318 2495 1717 2586 Sophoclem
1775 2517 1853 2566 eo
1903 2504 2225 2584 tempore,
2268 2516 2400 2584 quo
2439 2494 2829 2583 tragoedias
2919 2490 2928 2495 “

490 2601 892 2673 vetustiores
949 2603 1359 2692 scripserat‚·
1401 2614 1467 2674 et
1522 2611 1678 2674 ante
1733 2603 2083 2674 introitum
2123 2662 2126 2665 ,
2169 2603 2361 2673 chori
2444 2593 2673 2693 (sicuti
2759 2602 2829 2670 in

492 2710 727 2798 Antig.
787 2718 854 2779 et
908 2709 1076 2782 Oed.
1136 2711 1253 2797 R.)
1311 2720 1377 2781 et
1432 2719 1583 2799 post
1654 2711 2004 2781 introitum
2086 2711 2213 2793 (sic
2286 2711 2358 2778 in
2423 2710 2668 2799 Aiace)
2728 2710 2828 2778 in-

710 2913 820 2997 168)
859 2917 1119 2982 Initium
1168 2916 1430 3001 actionis
1479 2917 1663 2982 huius
1709 2916 1967 2982 fabulae
2014 2936 2136 2982 non
2185 2924 2317 2983 tam
2359 2919 2429 2982 in
2492 2937 2585 2995 ec,
2664 2918 2829 2999 quod

492 3006 775 3086 Oedipus
819 3007 1062 3071 Thesea
1110 3006 1456 3082 arcessivit,
1507 3025 1628 3087 quo
1678 3026 1863 3087 porro
1911 3008 1975 3071 in
2023 3008 2155 3072 loco
2207 3008 2385 3073 Eum.
2447 3022 2624 3072 sacro
2687 3027 2829 3088 per-

489 3114 745 3161 manere
791 3101 1007 3177 posset
1055 3092 1146 3176 (cf
1212 3114 1267 3158 v.
1321 3093 1423 3172 70,
1474 3092 2114 3177 297—298)‚⁴quam
2162 3098 2224 3161 in
2273 3117 2367 3173 eo,
2417 3098 2583 3177 quod
2662 3097 2829 3161 illius

492 3185 853 3250 adiumento
901 3204 972 3249 ac
1026 3184 1343 3263 praesidio
1391 3191 1606 3249 contra
1653 3183 1820 3250 filios
1869 3204 2035 3262 SUOS,
2084 3187 2192 3266 qui
2236 3205 2378 3273 eum
2422 3205 2635 3251 secum
2686 3186 2826 3250 duc·

491 3275 618 3338 turi
666 3280 831 3351 sunt,
881 3292 949 3339 se
996 3280 1213 3355 tegere
1258 3292 1333 3337 ac
1379 3276 1622 3338 munire
1670 3276 1806 3339 vult
1852 3273 1955 3352 (cf.
2007 3295 2060 3338 v.
2123 3272 2271 3351 408,
2366 3276 2492 3338 455
2542 3309 2625 3318 —-
2677 3273 2827 3349 463,

494 3360 894 3443 586—589).
938 3360 1342 3445 Quapropter
1389 3383 1501 3442 pro
1547 3363 1727 3428 initio
1771 3365 2035 3429 actionis
2082 3365 2217 3447 sine
2264 3366 2390 3428 ulla
2430 3365 2825 3430 dubitatione

489 3450 596 3517 ille
641 3452 812 3535 locus
857 3453 1183 3518 habendus
1230 3458 1348 3530 est,
1397 3453 1460 3517 in
1507 3472 1629 3534 quo
1676 3453 1926 3527 Ismena
1973 3454 2139 3534 patri
2188 3455 2518 3520 discidium
2558 3454 2826 3520 fratrum

492 3548 559 3606 et
606 3561 699 3621 ea,
750 3561 913 3622 quae
961 3562 1098 3607 cum
1147 3562 1220 3607 eo
1268 3542 1623 3618 cohaerent,
1674 3553 1932 3607 enarrat
1977 3550 2068 3622 (v.
2118 3541 2250 3605 324
2298 3544 2485 3625 seq.).

712 3627 820 3711 ¹⁶⁹)
873 3631 1080 3696 Aiacis
1129 3652 1193 3695 νᾳ
1237 3630 1590 3696 333-595
1637 3633 2080 3697 demonstrant
2162 3633 2339 3698 nobis
2425 3635 2680 3699 Aiacem
2752 3634 2830 3697 de

494 3720 624 3786 suis
671 3719 858 3785 factis
905 3726 1272 3802 querentem
1319 3721 1502 3803 longe
1551 3722 1740 3786 aliter
1786 3728 1979 3802 atque
2026 3722 2090 3785 in
2140 3723 2398 3805 prologo
2445 3743 2500 3787 vt
2550 3722 2627 3784 91
2674 3742 2825 3803 seq„

496 3810 599 3874 ubi
647 3810 730 3873 Ai
772 3830 811 3873 x
859 3811 1144 3875 nesciens
1189 3809 1389 3874 furire
1438 3811 1661 3892 pergit.
1709 3812 1950 3876 Idcirco
1999 3812 2063 3874 in
2137 3812 2236 3876 his
2309 3814 2596 3878 versibus
2670 3810 2827 3891 (333

493 3898 652 3980 seq.)
698 3919 920 3964 novam
970 3919 1102 3965 rem
1151 3901 1232 3965 ad
1279 3905 1360 3959 τὸ.
1405 3905 1939 3975 προπεπραγμὲνα
1987 3901 2126 3965 scil·
2206 3899 2653 3968 conscientiam
2739 3904 2827 3965 rei

492 3988 571 4052 ab
619 4007 692 4052 eo
740 3995 1146 4069 perpetratae
1194 3991 1497 4055 accedere
1546 3991 1954 4055 statuendum
2048 3997 2173 4054 est·
2271 3993 2367 4056 Ad
2435 4012 2623 4073 quam
2695 4010 2831 4057 rem

495 4096 647 4142 sane
686 4078 811 4141 iam
859 4098 914 4142 V.
965 4076 1319 4141 aot—332
1366 4098 1479 4143 nos
1526 4085 1943 4161 praeparant,
1990 4080 2055 4143 in
2103 4080 2328 4161 quibus
2411 4084 2637 4146 chorus
2723 4100 2835 4162 per

493 4167 891 4232 Tecmessam
938 4169 1003 4231 in
1049 4169 1252 4250 ipsam
1299 4170 1608 4233 actionem
1655 4170 2003 4235 inducitur,
2052 4186 2194 4232 cum
2242 4171 2327 4235 ibi
2367 4172 2620 4235 demum
2652 4191 2833 4249 expo-

496 4256 641 4321 sitio
690 4257 874 4321 huius
922 4258 1289 4339 tragoediae
1336 4259 1418 4322 ad
1466 4257 1658 4322 finem
1709 4259 2114 4340 perducitur.·
2153 4260 2242 4324 Cf.
2295 4281 2346 4322 vr
2449 4258 2831 4322 271-276.

494 4345 720 4500 Itahqlsse
767 4346 1002 4502 ³21.ssssss
1053 4366 1183 4429 seq.
1235 4349 1370 4412 sine
1417 4349 1605 4412 dubio
1655 4354 2040 4413 momentum
2125 4350 2388 4414 actionis
2481 4350 2831 4415 nectendas

497 4453 575 4500 ex
622 4454 643 4499 1
689 4454 763 4499 en
803 4480 818 4497 .
