3417 5384
672 390 677 391 f
741 433 888 521 112
984 484 992 493 ff-

944 666 1452 739 IntrOdu'ctione
1507 647 1697 755 chori
1756 660 2175 758 pertractata
2232 663 2493 757 tenipus
2552 675 2675 753 est,
2720 670 2794 736 ut
2829 646 3088 736 videa--

727 797 900 867 mus,
957 796 1147 864 quas*
1178 776 1691 865 progressiones
1747 775 1819 845 in
1873 775 2281 847 tractatione
2363 775 2640 845 illarum
2733 774 3061 864 partium,

726 885 970 973 quibus
1023 881 1180 953 finis
1228 875 1485 951 δέσεως
1540 893 1607 953 et
1663 883 1942 957 initium.
1991 874 2267 950 λύσεως
2322 880 2756 971 definiuntur,
2816 880 3066 972 depre-

723 991 1134 1063 hendantur.
1195 989 1450 1060 Tamen
1537 990 1857 1079 quoniam
1955 989 2461 1078 tragoediarum
2554 991 2627 1059 in
2721 982 2924 1053 ὃέσιν
3001 997 3072 1058 et

728 1091 966 1163 λύσιν
1003 1096 1440 1187 partitionem
1497 1118 1538 1167 a
1595 1087 1995 1189 ιιετάβασις
2050 1098 2182 1179 τῆς
2239 1084 2568 1188 πράξεως
2635 1096 2933 1186 pendere
2991 1097 3068 1165 in

728 1204 969 1279 G.111
1021 1205 1090 1274 h
1151 1202 1312 1274 diss
1373 1203 1746 1305 indicatum
1804 1213 1927 1292 est,
1987 1225 2123 1274 non
2181 1204 2303 1274 abs
2358 1226 2435 1274 re
2545 1205 2699 1291 erit,
2811 1205 2870 1274 si
2925 1203 3066 1292 ipsi
3138 1249 3144 1255 «

724 1311 1120 1384 tractationi
1175 1311 1451 1391 illarum
1510 1295 1804 1401 partium
1864 1260 2122 1400 aliquid
2169 1310 2253 1381 de
2289 1312 2554 1431 origine
2571 1292 3060 1403 μεταθάσεως

727 1419 1268 1511 praemittamus.

940 1525 1164 1615 Atque
1218 1525 1278 1596 si
1334 1546 1450 1596 eas
1522 1525 2019 1596 vetustissimas
2094 1525 2509 1615 tragoediaS,
2569 1545 2743 1614 quae
2798 1545 2934 1595 non
2981 1524 3062 1593 in
3107 1548 3110 1553 ·

725 1635 1015 1705 historia
1085 1633 1362 1709 heroica
1436 1633 1913 1727 versabantur,
1985 1632 2061 1701 'in
2144 1653 2416 1704 censum
2500 1633 2840 1714 vocamus,
2900 1629 3057 1701 fieri

725 1744 861 1813 non
910 1749 1154 1831 potest,
1214 1741 1377 1828 quin
1433 1740 1531 1810 eis
1587 1732 1986 1811 metabasin*
2012 1739 2498 1820 abiudicemuS.
2540 1740 2648 1809 Ita
2686 1741 2759 1809 in
2797 1738 3054 1830 Phryn.

726 1849 1011 1937 Phoen.,
1071 1869 1221 1919 cum
1279 1849 1350 1916 in
1407 1868 1641 1918 earum
1698 1848 1896 1917 initio
1953 1846 2181 1918 clades
2269 1849 2631 1919 Persarum
2711 1846 2796 1916 ab
2853 1867 3054 1916 eunu-

728 1957 856 2028 cho
938 1955 1232 2044 quodam
1292 1968 1640 2025 *enarrata
1723 1955 1835 2043 sit,
1921 1954 2099 2024 unde
2190 1955 2413 2044 prima
2505 1954 2773 2026 occasio
2870 1954 3063 2024 chori

725 2053 1155 2156 πρεσβυτῶν
1215 2062 1504 2137 canendi
1587 2071 1654 2132 et
1736 2051 2157 2132 lamentandi
2212 2071 2363 2133 orta
2417 2071 2588 2152 erat,
2643 2081 2934 2150 cumque
2990 2061 3059 2129 in

724 2170 1160 2259 sequentibus
1216 2170 1395 2244 aliae
1450 2190 1778 2259 personae
1851 2191 1929 2239 eo
2014 2190 2174 2241 casu
2248 2169 2546 2240 afflictae
2612 2169 2682 2237 in
2742 2189 3059 2239 scaenam

719 2276 1108 2368 prodientes
1162 2297 1287 2366 per
1340 2297 1544 2347 suam·
1587 2277 1961 2348 orationem
2017 2278 2163 2347 sive
2210 2277 2613 2366 colloquium
2653 2297 2802 2347 cum
2856 2276 3058 2346 choro

723 2379 818 2454 id
849 2393 951 2455 est
1005 2383 1388 2476 coryphaeo
1447 2383 1620 2476 alias
1677 2385 2066 2471 occasiones
2153 2384 2439 2463 canendi
2514 2404 2593 2455 eo
2676 2384 2810 2472 ipsi
2868 2382 3051 2452 obtu-

723 2491 949 2581 lerint,
1009 2500 1224 2565 status
1278 2512 1506 2560 rerum
1562 2512 1683 2581 per
1738 2494 1948 2562 totam
2004 2492 2430 2580 tragoediam
2485 2510 2657 2560 unus
2699 2480 3062 2578 idemque,-

720 2593 845 2670 etsi
900 2620 1022 2689 per
1076 2599 1308 2669 varias
1352 2618 1693 2689 personas
1741 2599 1934 2670 vario
1979 2599 2178 2669 modo
2235 2599 2728 2687 illustrabatur,
2792 2618 3051 2687 perma-

720 2728 884 2778 nere
938 2705 1227 2776 videtur.
1286 2705 1525 2795 Neque
1569 2698 1781 2775 multo
1856 2706 2057 2776 aliter
2111 2728 2223 2776 ros
2279 2698 2355 2776 s‘e
2410 2705 2616 2776 habet
2672 2706 2744 2775 in
2803 2704 3048 2775 Aesch.

717 2814 939 2902 Pers,
999 2814 1072 2883 in
1129 2814 1318 2883 cuius
1373 2813 1593 2911 primo
1648 2806 1964 2902 episodio¹
2011 2815 2239 2905 statim
2295 2816 2650 2904 postquam
2701 2834 2824 2883 nos
2861 2821 3056 2901 poeta

716 2942 838 3011 per
894 2921 1236 2992 somnium.
1281 2919 1571 3014 Atossae
1640 2909 1733 3010 (v,
1803 2914 1945 2984 143
1975 2941 2036 2960 -κ-
2067 2914 2247 3008 248)
2316 2920 2402 2990 ad
2470 2919 2732 2991 cladem
2806 2919 3056 2989 Xerxis
3127 2939 3133 2947 ·

714 3027 1177 3118 recipiendam
1225 3036 1795 3117 praeparaverat,
1873 3028 2025 3097 eam
2099 3029 2319 3116 ipsam
2387 3048 2506 3116 per
2561 3027 2781 3097 nuntii
2840 3026 3051 3096 verba

715 3128 808 3223 (V.
873 3129 1324 3222 249—550)
1384 3136 1731 3226 proposuit
1807 3156 1888 3205 ac
1961 3135 2341 3225 descripsit.
2402 3133 2582 3205 Nam
2636 3136 2709 3204 in
2766 3154 3040 3222 sequen·

712 3242 892 3313 tibus
949 3250 1164 3313 status
1217 3262 1467 3331 rerum,
1527 3250 1724 3330 quem
1781 3242 1953 3326 haec
2021 3241 2248 3313 clades
2324 3241 2622 3331 adducit,
2680 3263 2816 3313 non
2874 3262 3048 3312 eom·

674 3358 1031 3439 '‘mutatur,
1093 3349 1212 3420 sed
1267 3358 1530 3421 tantum
1587 3348 1872 3423 affectus
1927 3350 2192 3420 timoris
2233 3357 2299 3420 et
2334 3350 2678 3438 miseriae,
2737 3370 2904 3437 quos
2935 3348 3054 3418 illa

709 3457 1066 3547 excitavit,
1114 3454 1236 3546 per
1302 3454 1513 3527 Darei
1579 3456 1912 3528 vaticinia
1968 3445 2062 3548 (v,
2107 3448 2577 3548 .683—85.3)
2621 3466 2701 3527 ‘et
2756 3477 2880 3546 per
2936 3455 3046 3526 ad-

710 3578 983 3634 ventum
1038 3564 1253 3653 ipsius
1310 3563 1557 3634 Xerxis
1615 3562 2120 3659 amplificantur
2161 3572 2359 3652 atque
2400 3573 2757 3652 augentur.
2819 3563 3051 3651 Itaque

709 3671 1064 3760 tragoedia
1121 3691 1221 3760 eo,
1283 3670 1456 3759 quod
1531 3672 1892 3742 historiam
1935 3672 2210 3756 ‚aetatis
2296 3671 2603 3759 aequalis
2674 3670 3046 3756 tractabat,

709 3800 859 3850 cum
913 3799 1084 3848 unus
1140 3778 1452 3866 idemque
1509 3787 1725 3849 status
1782 3799 2011 3851 rerum
2098 3779 2184 3848 ab
2242 3779 2389 3868 ipso
2445 3778 2792 3868 principio*
2849 3797 3049 3865 usquc
3151 3810 3168 3815 ·

708 3885 795 3956 ad
852 3884 1054 3956 finem
1109 3906 1260 3957 eam
1299 3885 1654 3961 obtineret,
1697 3886 1814 3956 vix
1856 3884 1944 3963 ad
1984 3887 2365 3957 metabasin
2402 3885 2764 3975 pervenire
2819 3907 2879 3975 pi
2907 3885 3044 3953 tuit,

834 4036 842 4043 ·
918 3992 1156 4082 Longe
1213 3993 1414 4063 aliter
1469 4015 1580 4063 res
1639 4014 1710 4063 se
1766 3993 1974 4063 habet
2031 3993 2101 4068 in
2160 3994 2244 4063 iis
2302 3993 2703 4081 tragoediis,
2769 3992 3053 4080 quaein

925 4249 1220 4329 1’“”)·.
1275 4241 1448 4313 πλην
1497 4259 1629 4312 ἐκεῖ
1678 4250 1791 4335 (se.
1841 4254 1903 4318 in
1954 4254 2295 4343 Phrynichi
2329 4250 2716 4332 Phoenissis)
2757 4257 3049 4329 εὐνοῦχός

706 4347 887 4495 ιΙὲὲῘτιν
895 4332 1245 4512 )ᾱγγέλλων
1293 4362 1356 4403 εν
1405 4363 1566 4418 (ιιχιι
1613 4363 1730 4401 την
1778 4346 2013 4416 Ξέοξου
2068 4326 2191 4403 τἰττ
2199 4365 2271 4403 w
2324 4394 2336 4408 .
2458 4342 2789 4425 .(argum.
2834 4343 3046 4408 Aeseh.

760 4450 863 4496 erS
