3417 5384
668 562 761 632 86

663 783 816 853 bus-³
847 782 1033 853 illud·
1072 783 1288 877 μέρος
1347 786 1383 847 ὃ
1441 782 1778 881 ἔσχατόν
1828 782 2028 855 ἐστιν
2083 783 2163 867 ἐξ
2238 787 2319 855 οὖ
2378 803 2483 864 etc
2537 783 3027 881 efficitur¹44).-.

662 889 881 980 Pars3-
919 904 1094 979 quae
1164 900 1319 981 post
1374 893 1559 964 illud·
1602 893 1828 988 nepae»
1875 898 2240 988 invenitur,
2314 922 2377 968 v.
2464 895 3023 991 11512—12ov3.

663 998 946 1085 Psa‘ssbet
1002 987 1258 1092 ἀρχὴν
1315 994 1457 1084 τῆς
1503 993 1990 1092 μεταβάσεως,
2052 1026 2223 1076 cumt
2258 1001 2354 1077 ibi
2411 1009 2685 1077 nuntius
2740 1008 3021 1080 Theseo

664 1112 965 1196 enarmt,
1025 1107 1376 1193 quom'odo2
1412 1107 1779 1197 Neptunus
1823 1111 1968 1182 eius
2023 1129 2276 1202 preces·
2316 1114 2685 1185 exaudiens
2741 1115 3028 1206 Hippo-·

664 1213 876 1302 lytum
933 1213 1330 1302 perdiderit}
1407 1215 1511 1284 In·
1562 1214 2018 1305 sequentibus⁴
2069 1212 2466 1312 μετάβασις
2531 1241 2612 1292 eo
2666 1238 3006 1312 propaga·-

664 1327 796 1408 tur‘,
875 1319 1050 1408 quod
1123 1343 1189 1391 v.
1284 1315 1808 1389 12822-1341?
1875 1325 2139 1397 Thesea
2212 1324 2441 1398 Diana
2515 1329 2729 1417 docet,
2789 1329 3024 1400 filium·-

666 1425 833 1496 eius³
863 1426 1229 1499 Phaedrae
1281 1430 1640 1502 calumniis
1681 1431 2214 1505 circumventum
2250 1435 2657 1524 insidiisque
2713 1436 3025 1508 Veneris·

665 1533 1009 1622 perditum
1063 1555 1230 1625 esse,
1291 1559 1356 1606 v.
1400 1546 1623 1608 autem
1672 1530 1969 1623 1440—
1999 1537 2182 1606 1461
2231 1541 2676 1635 Hippolytum
2712 1544 3004 1615 morien-

665 1648 824 1710 tem*
858 1649 926 1712 et
981 1650 1132 1712 cum
1186 1651 1451 1739 patrem
1510 1637 1943 1716 conciliatum
2000 1648 2350 1738 praebent,
2409 1650 2651 1738 quibus
2707 1646 2754 1734 ἡ
2794 1649 3025 1741 gretei--

667 1738 883 1835 βασις
939 1750 1070 1832 τῆς·
1124 1737 1454 1842 πράξεως
1511 1752 1599 1822 ad
1654 1752 1864 1824 finem
1920 1756 2334 1844 perducitur.
2416 1757 2726 1828 Alterum
2784 1778 3008 1827 exem-

666 1854 868 1944 plinii}
907 1866 994 1926 ex¹
1048 1854 1216 1928 Oed.
1276 1858 1360 1928 R.
1424 1858 1801 1949 Sophocleo
1855 1871 2110 1950 petere·
2157 1864 2329 1933 mihi
2402 1864 2679 1953 placuit.
2740 1864 2820 1933 In
2875 1865 3034 1934 hac-1

666 1963 1065 2052 tragoediae
1118 1949 1204 2028 τὰ
1258 1953 1521 2042 ἔξωθεν
1578 1977 1738 2037 sunt
1791 1970 2062 2040 occisio·
2117 1970 2262 2042 Lai·
2323 1992 2363 2041 a
2436 1969 2586 2042 filio
2666 1972 3027 2042 nesciente

664 2080 1061 2160 perpetrata
1118 2082 1183 2143 et
1241 2075 1625 2164 coniugium
1682 2073 1928 2164 Oedipi
1986 2098 2134 2147 cum
2190 2087 2433 2167 matre,
2492 2078 2670 2149 unde
2747 2077 3013 2149 Theba-

668 2192 907 2249 norum
962 2179 1133 2251 urbs‘
1181 2183 1585 2271 pestilentia
1637 2183 2037 2254 absumitur.
2115 2185 2227 2254 Ad
2303 2205 2472 2273 quas
2546 2205 2657 2255 res
2733 2187 2807 2254 in
2861 2186 3034 2275 ipsass

666 2287 1025 2376 tragoedia
1101 2289 1429 2359 accedunt
1485 2291 1833 2360 oraculum
1910 2291 2274 2381 Apollinis,
2353 2292 2548 2380 quod-
2607 2314 2649 2363 a
2726 2294 3033 2363 Greonte·

673 2394 939 2486 Oedipo
992 2398 1348 2467 nuntiatur
1402 2419 1465 2467 v.
1514 2394 1608 2467 85
1638 2393 1905 2488 -150,
1947 2399 2254 2471 Tiresiae
2285 2401 2620 2471 incusatio
2651 2422 2717 2469 v.
2756 2394 3009 2464 316-

678 2497 857 2594 465,
913 2524 1117 2593 quam
1175 2502 1478 2594 Oedipus
1536 2504 1816 2576 credere
1869 2521 2007 2577 non
2063 2507 2229 2588 vult,
2301 2507 2707 2594 colloquium
2762 2505 3013 2596 Oedipi

675 2633 845 2683 cum·
876 2612 1177 2684 Jocasta*
1217 2635 1281 2682 v.
1347 2605 1791 2702 678—682,
1850 2634 1982 2702 quo
2037 2615 2182 2685 eius
2246 2604 2701 2685 dubitationes
2759 2635 3011 2703 augen-

673 2730 805 2802 tur,
864 2721 1138 2791 nuntius
1196 2719 1523 2793 Corintho
1582 2720 1856 2792 adlatus
1912 2743 1977 2790 v.
2026 2708 2523 2809 abo—1085,
2574 2720 2750 2790 unde
2806 2719 3013 2792 Oedi—

674 2842 809 2919 pus·
854 2848 926 2900 se
981 2843 1118 2898 non
1171 2825 1390 2896 filium
1452 2827 1689 2917 Polybi
1748 2848 1895 2898 esse
1952 2829 2301 2917 comperit,
2362 2827 2695 2916 professio
2743 2827 2867 2897 Lai
2909 2826 3022 2896 fa·-

673 2939 841 3009 muli
894 2960 960 3008 v.
1031 2929 1573 3024 1121-1185,
1632 2933 1811 3004 unde
1868 2933 2190 3024 Oedipus.
2251 2935 2411 3023 quin
2459 2935 2852 3006 interfector
2893 2955 3027 3024 pa*

672 3047 800 3118 tris
853 3043 1228 3130 matrisque
1309 3041 1598 3111 coniunx
1683 3042 1794 3127 sit,
1878 3063 2083 3130 porro
2165 3042 2478 3113 dubitare
2558 3063 2695 3112 non
2770 3050 3016 3131 potest:

677 3151 866 3240 Quae
922 3148 1250 3240 professio
1307 3149 1455 3220 sine
1510 3148 1715 3219 dubio
1754 3148 1921 3219 illud
1961 3147 2177 3241 μέρος
2214 3159 2582 3238 esuquam
2631 3149 3017 3220 necessario

676 3250 882 3353 ἀρχὴ
939 3258 1067 3339 τῆς
1123 3246 1374 3347 μεταβ.
1436 3257 1635 3344 sequi·
1680 3255 1881 3327 debet
1964 3257 2187 3344 Atque
2234 3277 2308 3326 re
2355 3278 2521 3327 vera
2559 3257 2630 3325 in
2678 3278 2758 3327 ea
2798 3265 3016 3345 parte,

676 3387 849 3455 quae
903 3369 1056 3454 post
1109 3363 1725 3451 illaminvenitur,
1785 3363 1997 3434 verba
2082 3364 2299 3433 nuntii
2356 3386 2422 3445 v.
2492 3358 3014 3432 1223—1296

675 3473 889 3567 ipsius
945 3461 1408 3563 μεταβάσεως
1464 3470 1734 3571 initium
1787 3471 2139 3560 praebent,
2181 3471 2443 3542 scilicet
2498 3470 2830 3559 quomodo
2888 3468 3022 3542 Oe⁶

677 3580 876 3670 dip'us
927 3578 1060 3648 sibi
1117 3578 1345 3648 oculos
1402 3568 1732 3662 effoderit,
1795 3599 1944 3650 cum
2024 3577 2070 3648 J
2076 3589 2377 3649 ocastam
2434 3588 2722 3648 matrem
2780 3577 3021 3665 laqueo

678 3688 892 3759 vita-m
947 3685 1187 3756 finisse
1259 3683 1564 3756 vidisset.
1651 3684 1734 3754 In
1808 3685 2240 3773 sequentibus
2297 3693 2523 3755 autem
2578 3707 2644 3756 v.
2719 3672 3023 3749 1037-

685 3788 903 3863 1530ἱ
946 3791 1249 3881 Oedipus
1301 3792 1650 3863 miseriam
1706 3812 1900 3863 suam
1936 3793 2083 3882 ipse
2138 3792 2598 3865 demonstrat·
2636 3791 2897 3879 Restat,
2949 3800 3024 3860 ut

675 3901 952 3972 tertium
1009 3899 1390 3988 exemplum
1447 3920 1483 3969 e
1556 3899 1932 3988 tragoediis
2005 3899 2408 3992 Aeschyleis
2463 3899 2880 3988 depromam.
2940 3898 3050 3981 In,

677 4029 813 4099 qua
869 4014 942 4077 re
997 4005 1422 4096 perficienda
1479 4006 1567 4077 ad
1623 4007 1770 4076 eius
1826 4006 2073 4094 Agam.
2136 4006 2523 4096 aggredior.
2565 4005 2668 4075 Ibi
2709 3990 2794 4069 τὶ
2850 3989 3019 4079 ἔξω·

679 4106 802 4177 θεν
861 4113 950 4185 ad
1006 4112 1490 4203 profectionem
1548 4114 2083 4205 Agamemnonis
2132 4112 2459 4184 adversus
2499 4111 2772 4182 Tr0iam
2809 4120 2876 4182 et
2915 4132 3021 4199 ea,

678 4240 854 4311 quae
911 4239 1061 4292 cum
1116 4220 1251 4290 hac
1305 4240 1385 4291 re
1441 4221 1831 4305 cohaerent,
1890 4221 2253 4310 pertinent.
2313 4220 2426 4289 Ad
2482 4240 2658 4307 quas
2701 4240 2812 4289 res
2851 4217 3024 4289 haec

897 4458 1007 4539 ¹44)
1055 4462 1217 4526 Tota
1267 4463 1432 4529 aetio
1478 4462 1664 4526 huius
1712 4460 2096 4543 tragoediae
2127 4454 2467 4526 manifesto
2514 4480 2637 4525 non
2714 4461 2779 4524 in
2845 4465 3036 4525 sorte·

679 4548 1026 4627 Phaedrae,
1076 4551 1188 4616 sed
1236 4551 1579 4634 Hyppclyti
1642 4556 1955 4616 versatur.
