3417 5384
2581 466 2726 540 119

374 683 642 775 Suppl„
719 683 918 768 Jone,
996 685 1066 754 id
1143 683 1359 776 μέροςἱ
1430 707 1567 756 una
1641 707 1892 757 scaena
1965 679 2282 757 efficitur.
2346 687 2598 758 Tamen
2657 689 2729 757 in

252 860 259 863 ,
375 813 461 862 ea
519 791 846 882 perfacile
903 792 1077 864 duae
1133 793 1243 862 vel
1301 801 1442 862 tres
1498 801 1752 882 parteS,
1815 794 1994 882 quod
2035 793 2123 864 ad
2162 793 2442 877 totidem
2501 816 2724 866 acces-

374 900 604 971 siones
682 899 970 970 alicuius
1045 888 1264 970 novae
1347 900 1483 970 rei
1524 899 1613 970 ad
1689 892 2163 972 antecedentia
2218 902 2532 991 pertinet,
2593 902 2719 972 dis-

370 1007 549 1095 tingi
607 996 1045 1096 possuntlfffi).
1108 1007 1332 1094 Atque
1408 1028 1557 1078 cum
1630 1007 1760 1078 hoc
1810 1006 2048 1100 μέρος,
2126 1029 2264 1097 quo
2320 1002 2727 1080 momentum

371 1113 687 1185 fortunae
745 1114 1244 1185 convertendae
1317 1113 1639 1204 efficitur,
1719 1115 1899 1206 apud
1975 1114 2389 1204 Euripidem
2435 1108 2730 1206 ⁸excepta

373 1217 727 1292 Alcestide
783 1243 1052 1312 semper
1126 1221 1213 1292 ab
1287 1231 1571 1310 utraque
1646 1231 1844 1312 parte
1927 1222 2202 1294 duabus-
2275 1223 2727 1296 Aristotelicis

373 1329 688 1418 partibus
747 1330 1083 1400 actionem
1138 1328 1610 1400 histrionalem
1680 1329 2181 1401 continentibus
2240 1331 2722 1421 circumdetur,

374 1437 543 1506 satis
603 1436 974 1523 verisimile
1031 1444 1154 1526 est,
1216 1436 1699 1525 expositionem
1776 1437 1906 1508 hoc
1962 1446 2063 1508 est
2120 1438 2476 1528 prologum
2531 1439 2725 1509 Aris-

375 1543 721 1614 totelicum
795 1564 931 1614 non
1005 1540 1183 1614 tam'
1224 1542 1732 1615 fundamentum
1835 1536 2117 1634 δέσεως,
2200 1540 2425 1633 quam¹
2485 1545 2726 1616 funda-

373 1805 653 1884 pastoris
701 1803 1011 1870 afficeret·
1061 1806 1271 1886 Atque
1319 1812 1456 1869 cu‘m
1503 1806 1610 1870 ille
1658 1807 2025 1870 narratione
2060 1805 2236 1883 perfe
2253 1812 2340 1871 :ta
2371 1807 2721 1871 Pentheum

370 1894 676 1959 adversus
724 1899 1071 1960 sectatores
1119 1913 1264 1960 suos
1310 1895 1607 1977 proeliari
1653 1895 1815 1959 velle
1865 1891 1974 1977 (cf.
2026 1893 2155 1956 778
2170 1893 2405 1973 -—785)
2436 1896 2720 1976 vidisset,

372 1967 652 2048 decrevit
698 1983 762 2047 in
809 1985 1016 2049 animo
1065 1982 1197 2063 suo,
1247 1990 1318 2049 ut
1363 2003 1507 2049 eum
1554 1984 1807 2049 feminis
1855 1983 2310 2049 bacchantibus
2393 1985 2476 2049 ad
2523 1986 2718 2050 inter·

6 2084 9 2159 ὲ
373 2070 708 2137 ficiendum
755 2075 1043 2139 traderet
1090 2071 1260 2148 (vide
1306 2093 1362 2138 v.
1413 2071 1790 2152 847-861‚
1841 2075 2237 2154 qui‘cumv.
2292 2071 2720 2138 50--520011-

6 2166 9 2251 i
367 2161 618 2226 ferendi
666 2158 876 2242 sunt),
914 2169 1374 2246 proptereaque
1419 2165 1483 2228 in
1530 2183 1760 2230 scaena
1806 2168 2035 2244 quarta
2082 2162 2266 2228 huius
2344 2164 2611 2243 episodii
2663 2184 2718 2228 v.

6 2258 9 2281 ’-
372 2249 719 2316 786--861
774 2272 915 2318 eum
963 2272 1036 2318 eo
1084 2253 1367 2332 adduxit,
1418 2259 1488 2317 ut
1532 2253 1828 2318 femineis
1910 2253 2197 2318 vestibus
2272 2252 2532 2318 indutus
2571 2254 2721 2336 ipse

6 2344 9 2403 ἰ
369 2340 640 2406 feminas
688 2342 1066 2408 bacchantes
1114 2344 1443 2422 explorare
1489 2330 1701 2419 vellet,
1755 2361 1832 2407 ex
1873 2361 1997 2424 qua
2043 2361 2113 2407 re
2196 2341 2532 2407 manifesto
2580 2344 2720 2424 ipsa
2849 2376 2853 2380 Δ

4 2430 9 2503 ἐ
369 2431 692 2495 conversio
740 2432 875 2496 eius
922 2431 1510 2512 fortunae-emanat.
1531 2433 1757 2514 Itaque
1789 2434 1932 2498 cum=
1947 2432 2069 2498 hae
2091 2438 2396 2514 quattuor
2433 2450 2719 2508 scaenae,

6 2528 9 2539 '
369 2538 529 2599 quas
577 2523 1074 2597 commemoravi,
1125 2522 1444 2586 artissime
1490 2524 1659 2586 inter
1706 2541 1774 2586 se
1824 2521 2221 2588 cohaereant,
2306 2521 2615 2602 simulque
2646 2540 2722 2584 ex

368 2609 596 2674 ultima
686 2617 901 2675 earum
991 2612 1128 2692 ipsa
1218 2613 1538 2676 conversio
1630 2611 1922 2676 fortunae
1968 2607 2170 2693 proflu
2192 2615 2256 2684 it,
2331 2609 2433 2676 fit,
2508 2610 2579 2674 ut
2649 2612 2726 2675 iis

368 2704 674 2778 quattuor
721 2702 963 2765 scaenis
1008 2701 1162 2764 illud
1206 2705 1420 2780 μέρος,
1471 2704 1505 2758 ὂ
1575 2704 1880 2775 ἕστχατόν
1946 2704 2116 2758 ὲσττν
2191 2704 2308 2763 etc.
2385 2698 2721 2764 efficiatur.

370 2789 582 2868 Atque
629 2790 979 2869 episodium
1028 2790 1117 2854 IV
1166 2788 1349 2854 huius
1397 2790 1765 2871 tragoediae
1794 2810 1870 2867 ιν.
1916 2785 2271 2850 912-976
2300 2791 2564 2870 praebet
2593 2808 2722 2855 ma.-

368 2876 606 2943 nifesto
651 2882 769 2938 τὴν
818 2884 1010 2955 ἀρχὴν
1058 2883 1174 2946 τῆς
1220 2882 1456 2955 pezae..
1506 2879 1651 2961 quia
1679 2879 1786 2944 *ibi
1829 2894 2007 2942 mens
2100 2878 2366 2943 Penthei
2432 2878 2511 2942 ad
2585 2880 2720 2944 eius
2788 2930 2800 2939 ,

368 2967 573 3048 ipsius
621 2968 948 3034 interitum
997 2971 1123 3034 iam
1170 2970 1505 3037 obscurata
1554 2975 1653 3034 est
1699 2968 1808 3049 (cf.
1862 2988 1912 3032 v.
1964 2965 2089 3029 850
2131 2966 2316 3048 seq).

604 3107 712 3192 196)
760 3111 861 3177 Sic
908 3113 973 3176 in
1019 3111 1243 3177 Medea
1290 3112 1398 3176 illa
1447 3105 1674 3177 scaena
1694 3130 1754 3175 V.
1786 3107 2313 3191 866—975,qua
2343 3117 2727 3176 momentum

372 3201 672 3266 fortunae
723 3203 1181 3266 convertendae
1230 3199 1527 3276 efficitur,
1576 3200 1762 3265 facile
1809 3201 1873 3264 in
1920 3201 2076 3264 duas
2127 3205 2342 3282 partes
2383 3201 2719 3266 dividitur:

373 3310 568 3355 unam
616 3311 673 3354 v.
727 3287 1098 3362 866—933,
1151 3292 1215 3357 in
1257 3309 1381 3371 qua
1427 3289 1653 3355 Medea
1730 3309 1868 3354 cum
1947 3290 2171 3370 Iasone
2229 3288 2722 3369 ¹,reconciliatum

372 3380 646 3444 alteram
693 3400 751 3444 v.
803 3377 1289 3456 934—975,¹in
1336 3399 1460 3461 qua
1512 3380 1738 3444 Medea
1788 3379 2060 3444 Creusae
2132 3396 2245 3460 per
2314 3379 2545 3453 liberos
2592 3398 2721 3444 mu·

371 3489 530 3533 nera
571 3471 889 3534 ‘mittit.—
938 3469 1181 3534 Deinde
1228 3470 1291 3532 in
1338 3469 1554 3550 Suppl.
1605 3470 1780 3545 prior
1826 3487 1971 3548 pars
2040 3469 2175 3533 eius
2246 3485 2534 3543 scaenae,
2601 3488 2726 3550 qua

374 3560 533 3640 epis.
583 3560 667 3623 ΠΙ
713 3559 1021 3640 expletur,
1076 3556 1530 3622 v..·634--749
1581 3559 1995 3637 demonstrat,
2044 3577 2166 3638 quo
2212 3558 2397 3622 modo
2444 3558 2723 3623 Theseus

374 3647 708 3712 Thebanos
754 3648 836 3727 ad
884 3654 1163 3712 mortuos
1211 3647 1554 3713 tradendos
1602 3648 1897 3729 coegerit,
1947 3647 2154 3713 altera
2203 3666 2350 3726 pars
2396 3666 2455 3711 v.
2507 3646 2724 3709 750-

377 3736 506 3798 777
557 3738 742 3802 docet
789 3756 1004 3803 eorum
1052 3756 1314 3817 corpora
1360 3755 1504 3801 mox
1550 3737 1859 3802 matribus
1951 3737 2107 3818 ipsis
2201 3737 2510 3802 tradenda
2564 3754 2723 3813 esse,

373 3846 565 3907 quam
611 3845 746 3891 rem
792 3832 835 3883 αἰ
884 3831 1044 3901 ἀρχὴ,
1090 3831 1205 3892 τῆς
1254 3830 1478 3901 ’μεταβ
1529 3845 1593 3889 v.
1647 3824 1997 3888 794—954
2028 3825 2465 3907 praeparatur.
2517 3819 2727 3907 Atque

372 3917 497 3981 hae
544 3916 706 3981 duae
752 3935 855 3979 r‹··s
902 3915 1056 3980 illud
1102 3920 1309 3989 μέρος·
1341 3918 1373 3972 ὃ
1424 3918 1687 3989 ἔσχατόν
1720 3916 1978 3989 eor-weg
2010 3913 2088 3972 οὐ
2137 3920 2259 3979 etc.
2328 3913 2724 3980 efficiunt.—

376 4006 664 4085 Denique
712 4006 775 4069 in
824 4005 974 4068 Ione
1020 4024 1094 4070 ea
1144 4023 1373 4069 scaena
1420 4025 1478 4068 v.
1532 4001 1946 4090 725-1947,
1997 4022 2120 4085 qua
2166 4009 2556 4069 momentum
2603 3996 2724 4070 for'-

376 4102 571 4161 tunae
621 4096 1078 4160 convertendae
1125 4094 1476 4170 adducitur,
1526 4093 1825 4174 perfacile
1869 4095 1935 4157 in
1981 4100 2112 4158 tres
2162 4100 2400 4173 partes,
2476 4114 2616 4158 cum
2662 4092 2726 4157 in

377 4204 452 4250 ea
501 4185 776 4249 accessio
825 4185 1019 4267 trium
1065 4203 1275 4261 rerum
1321 4184 1403 4249 ad
1485 4184 1927 4266 antec-edntii
2003 4183 2456 4264 percipiantur,
2527 4183 2722 4248 dividi

376 4280 610 4355 potest.
662 4273 940 4350 Quarum
989 4274 1189 4354 prima
1239 4291 1385 4352 pars
1433 4269 1916 4355 v.²‘1“25—--859,
1964 4273 2167 4337 altera
2216 4293 2272 4337 v.
2351 4271 2722 4354 sio-977,

377 4364 572 4429 tertia
618 4381 680 4427 v.
732 4360 1128 4424 978—1047
1176 4360 1475 4426 efficitur.
1524 4363 1672 4442 Ipsa
1723 4368 1934 4426 autem
1984 4365 2143 4439 ἀρχὴ
2190 4366 2305 4426 τῆς
2375 4366 2595 4443 nevae.
2644 4381 2723 4428 ex

378 4454 603 4524 ultima
651 4457 834 4541 parte
886 4449 1562 4522 978-1047·manat.
1664 4472 1709 4477 ·-
2051 4472 2058 4475 Δ
2825 4462 2828 4465 ’
