3417 5384
2660 449 2755 519 85

406 692 448 739 e
480 670 816 740 sententia
856 671 1302 742 Aristotelica
1359 671 1899 742 constituendam
1956 671 2126 742 satis
2183 679 2355 751 sunt,
2414 679 2485 739 ut
2541 670 2612 737 in
2650 690 2758 740 ce-

404 786 593 847 teras
635 776 1050 866 tragoediae„
1112 800 1280 866 quas
1336 799 1542 848 manu
1596 788 1923 865 tenemuS‚
2012 799 2162 848 eam
2237 775 2754 865 transferamuS,

401 904 540 970 quo
627 884 881 953 clarius
974 885 1116 954 eius
1210 896 1456 957 natura
1546 887 1744 957 nobis
1837 894 2189 973 appareat.
2250 884 2359 954 Ita
2413 884 2483 952 in
2542 882 2751 972 Hipp.

407 990 574 1058 Eur·
664 991 1094 1078 soliloquium
1151 992 1441 1063 Veneris
1501 985 1825 1075 (1—57)
1885 991 2166 1079 praebet
2221 1012 2324 1078 ea,
2385 1011 2558 1078 quae
2598 998 2754 1060 ante

407 1097 674 1165 initium
713 1098 1109 1185 tragoediae
1162 1108 1444 1188 peracta.
1517 1109 1735 1187 erant,
1797 1098 2170 1186 quibusque
2244 1097 2754 1167 fundamentum

404 1197 667 1272 δέσεως
723 1204 924 1274 huius
980 1206 1373 1293 tragoediae
1427 1204 1739 1294 efficitur,
1800 1204 2082 1293 scilicet,
2134 1226 2264 1292 quo
2321 1204 2518 1275 modo
2609 1203 2751 1274 fac-

398 1318 545 1379 tum
585 1309 810 1397 fuerit,
843 1320 916 1379 ut
955 1311 1274 1382 Phaedra
1329 1311 1561 1381 furtim
1617 1311 2062 1404 Hippolytum
2138 1332 2369 1382 amare
2427 1312 2745 1399 coeperit.

404 1415 482 1484 In
557 1417 990 1504 sequentibus
1049 1418 1138 1487 ad
1192 1419 1363 1489 haec
1402 1413 2031 1511 προπεπραγμένα
2067 1417 2149 1488 fit
2184 1419 2410 1507 prima
2450 1419 2750 1489 accessio

398 1545 620 1593 novae
705 1525 805 1592 rei
895 1546 958 1593 v.
1054 1519 1496 1608 asa-361,
1580 1526 1696 1595 ubi
1780 1525 2101 1595 Phaedra
2186 1545 2484 1595 amorem
2558 1546 2749 1595 suum

401 1630 653 1699 nutrici
709 1631 977 1719 prodit3
1039 1632 1257 1703 altera
1312 1656 1376 1702 v.
1446 1628 1889 1717 565—668,
1948 1632 2063 1701 ubi
2120 1631 2530 1722 Hippolytus
2564 1653 2747 1703 amo-

400 1759 545 1807 rem
629 1737 989 1808 Phaedrae
1045 1740 1344 1828 respuit3
1405 1740 1609 1809 tertia
1692 1762 1757 1808 v.
1852 1733 2294 1820 776—789,
2353 1739 2471 1808 ubi
2527 1738 2745 1808 Phae-

392 1843 596 1914 dram
672 1846 915 1932 laqueo
992 1846 1199 1915 vitam
1265 1846 1501 1917 finisse
1559 1842 1818 1916 famula
1872 1846 2160 1915 nuntiat.
2222 1844 2390 1915 Inde
2446 1845 2746 1916 Theseus

354 1960 357 1965 '
400 1971 519 2038 per
547 1951 906 2039 epistulam
951 1951 1309 2022 Phaedrae
1346 1960 1651 2023 mortuae
1689 1954 1761 2022 in
1800 1973 2100 2023 errorem
2131 1951 2442 2022 inductus
2482 1974 2521 2021 a
2552 1961 2747 2040 patre

397 2056 710 2146 Neptuno
768 2059 1116 2128 interitum
1192 2059 1325 2130 filii
1400 2068 1716 2149 precatus
1791 2069 1892 2129 est
1957 2049 2050 2150 (V.
2114 2053 2588 2147 856------890)‚
2649 2060 2740 2129 si-

398 2165 670 2251 mulque
710 2186 862 2234 eum
918 2168 1213 2254 epatria
1269 2168 1457 2237 exire
1513 2166 1698 2236 iubet
1759 2158 2265 2255 (958—980),
2326 2166 2569 2253 quibus
2634 2187 2743 2236 re·

401 2378 577 2436 tatus
625 2380 751 2437 est.
800 2375 1020 2455 Neque
1067 2375 1233 2437 male
1282 2373 1436 2436 illud
1482 2374 1741 2437 verbum
1807 2361 2131 2437 πολλάκις
2180 2372 2513 2436 intellexit:
2583 2373 2741 2447 „das

399 2462 485 2527 ist
530 2463 595 2525 in
644 2463 757 2526 der
802 2461 998 2544 Regel
1047 2464 1150 2526 die
1199 2462 1622 2543 Schiirzung“.
1676 2465 1854 2518 Δεσιν
1902 2461 2068 2525 enim
2115 2461 2452 2538 interdum,
2524 2479 2739 2541 quam·

388 2569 584 2630 quam
630 2552 951 2616 rarissime
996 2571 1119 2616 non
1169 2555 1301 2609 ἔνια
1349 2550 1525 2632 (ergo
1571 2551 1736 2631 plus,
1785 2569 1974 2631 quam
2022 2552 2239 2626 unum)
2317 2569 2439 2609 των
2514 2552 2741 2608 ἔσωθεν

387 2641 506 2704 sed
554 2646 805 2705 tantum
852 2661 1043 2705 unum
1091 2660 1214 2699 των
1262 2643 1486 2697 ἔσωθεν
1532 2641 1853 2705 continere
1902 2656 2085 2717 posse
2105 2639 2413 2719 imprimis
2443 2656 2523 2702 ex
2546 2640 2738 2703 Aiace

398 2729 745 2809 Sophocleo
795 2736 1087 2810 apparet.
1136 2730 1209 2793 In
1257 2732 1424 2787 δέσει
1471 2729 1656 2793 huius
1706 2729 2097 2809 tragoediae,
2150 2746 2312 2808 quae
2360 2746 2560 2808 usque
2652 2729 2738 2793 ad

392 2839 459 2881 V.
512 2817 641 2879 815
690 2823 808 2877 τὴν
868 2823 1061 2894 ἀρχὴν
1109 2824 1227 2884 τῆς
1276 2821 1666 2893 μετκβάσεως
1763 2817 2127 2898 porrigitur,
2222 2817 2433 2881 omnia
2514 2836 2592 2881 ex
2637 2817 2735 2896 iis,

389 2926 560 2988 quae
608 2911 1152 2984 seponenpawem
1200 2908 1524 2973 dicuntur,
1573 2908 1871 2986 pendent,
1923 2912 2181 2986 praeter
2228 2925 2283 2970 v.
2371 2904 2499 2966 719
2584 2924 2735 2987 seq„

398 2996 505 3061 ubi
553 3002 802 3061 tantum
850 2998 1124 3061 accessio
1171 3016 1370 3060 novae
1417 2997 1509 3059 rei
1555 2996 1639 3060 ad
1687 3001 1770 3054 τὰ
1817 2999 2359 3069 προπεπραγμενα
2408 2993 2499 3071 fit,
2594 3013 2737 3059 cum

392 3086 654 3151 nuntius
703 3087 930 3149 Teucri
977 3087 1167 3149 verba
1213 3086 1497 3150 Tiresiae
1545 3086 1626 3148 ad
1674 3084 2087 3149 infortunium
2163 3084 2339 3148 Aiaci
2406 3084 2738 3149 imminens

394 3176 774 3256 pertinentia
828 3175 1099 3255 primum
1147 3194 1286 3239 cum
1334 3175 1551 3238 choro,
1645 3178 1784 3237 tum
1867 3191 2012 3238 cum
2043 3174 2181 3253 ipsa
2201 3173 2538 3238 Tecmessa
2569 3191 2735 3238 com-

389 3265 686 3328 municat.
778 3264 945 3345 Ergo
1040 3265 1225 3329 huius
1301 3263 1672 3344 tragoediae
1736 3264 1904 3328 ὃέόπς
1952 3282 2075 3326 non
2123 3265 2256 3320 ἔνια
2303 3282 2425 3322 των
2488 3265 2736 3339 eomes-v,

390 3360 466 3418 ut
512 3355 577 3416 in
625 3354 856 3418 ceteris
903 3353 1254 3435 tragoediis
1303 3353 1415 3418 sed
1463 3356 1525 3409 ἓν
1575 3355 1697 3411 τῶν
1756 3354 1981 3409 ἔσωθεν
2029 3352 2311 3433 praebet.
2397 3352 2735 3415 Praeterea

393 3462 519 3507 non
566 3443 1026 3524 neglegendum
1075 3449 1194 3520 est,
1243 3443 1408 3523 quod
1462 3440 1839 3505 Aristoteles
1931 3441 1994 3504 in
2088 3439 2459 3504 definitione
2507 3441 2734 3505 δέσεως

395 3532 739 3597 statuenda
788 3532 984 3595 etiam
1030 3537 1253 3612 poetas
1301 3531 1600 3609 aequales
1648 3530 1715 3593 in
1766 3548 2022 3595 censum
2069 3547 2292 3593 vocare
2339 3529 2568 3608 potuit,
2628 3529 2737 3608 qui

385 3619 674 3685 fortasse
719 3621 972 3702 saepius
1019 3640 1209 3702 quam
1255 3625 1483 3702 poetae
1569 3624 1821 3684 veteres
1870 3619 1948 3682 ad
1989 3620 2156 3676 &ww
2204 3616 2602 3682 efficiendam
2671 3621 2736 3676 ev

398 3713 514 3769 τῶι
561 3713 787 3769 ἔσωθεν
833 3711 1231 3789 usurpabant
1295 3711 1508 3789 Atque
1556 3727 1590 3772 e
1638 3708 1988 3789 tragoediis
2037 3708 2347 3773 Senecae,
2397 3725 2560 3787 quae
2598 3708 2734 3772 sine

388 3799 585 3863 dubio
637 3800 893 3879 propius
940 3819 1130 3879 quam
1178 3798 1547 3879 tragoediae
1596 3804 1881 3861 veterum
1957 3797 2342 3877 tragicorum
2426 3796 2735 3860 accedunt

390 3889 472 3952 ad
517 3887 880 3970 tragoedias
929 3888 1288 3968 aequalium
1335 3886 1904 3961 Aristotelicorum,
1953 3886 2343 3967 Agamemno
2390 3885 2457 3948 in
2514 3884 2733 3965 primis

382 3978 632 4042 duobus
679 3979 925 4042 actibus
972 3997 1065 4052 ea,
1119 3995 1282 4058 quae
1328 3977 1409 4040 ad
1449 3982 1530 4035 τὰ
1556 3979 2098 4050 προπεπραγμένα
2118 3977 2434 4055 spectant,
2454 3973 2732 4051 exhibet3

387 4067 451 4130 in
502 4068 694 4131 teltio
743 4072 963 4132 autem
1011 4066 1216 4147 prima
1264 4065 1539 4130 accessio
1586 4082 1787 4129 novae
1833 4065 1927 4128 rei
1975 4064 2055 4128 ad
2085 4068 2166 4123 τὰ
2198 4066 2734 4137 προπεπραγμενα

381 4174 462 4218 eo
508 4154 605 4233 fit,
656 4156 822 4236 quod
870 4156 1234 4233 Eurybates
1283 4156 1818 4236 Agamemnonem
1894 4172 2037 4217 mox
2102 4169 2507 4216 reversurum
2592 4170 2734 4216 esse

386 4245 661 4308 nuntiat.
715 4245 917 4308 Aliter
962 4245 1076 4309 Th.
1130 4245 1329 4309 Heine
1373 4243 1415 4307 l.
1464 4243 1487 4307 l
1556 4262 1615 4325 p.
1667 4240 1841 4303 8-9
1889 4241 2323 4306 definitionem
2374 4242 2601 4306 δέσεως
2640 4241 2734 4304 in·

387 4340 781 4415 terpretatus
827 4339 946 4408 est,
997 4333 1104 4414 qui
1149 4331 1546 4414 tragoediam
1592 4332 1837 4397 Graeca
1883 4332 1950 4395 in
1995 4331 2358 4395 universum
2405 4334 2655 4395 tantum
2700 4348 2736 4394 e

378 4424 697 4488 solutione
736 4428 1026 4488 constare
1072 4424 1208 4487 vult
1276 4420 1371 4487 Cf.
1421 4421 1614 4486 etiam
1661 4441 1728 4503 p.
1780 4421 1838 4501 4,
1887 4421 2038 4485 adn.
2090 4416 2160 4479 2.
