3417 5384
602 454 695 524 72

694 660 697 663 “
808 671 996 760 Inde,
1050 671 1234 759 quod
1290 672 1613 764 Aeschyli
1671 682 1734 742 et
1827 671 2183 762 Euripidis
2274 671 2631 762 tragodiae
2712 693 2750 741 e
2833 671 2938 740 di-

596 780 860 850 visione
969 778 1408 848 Aristotelica
1519 800 1787 868 semper
1896 800 2101 848 unum
2196 779 2613 899 eundemque
2702 799 2939 848 nume-

597 908 746 955 rum
803 882 1097 975 purtium
1156 885 1506 973 piaebent.
1570 894 1878 975 appaiffet
1940 895 2175 973 poetas
2231 907 2306 955 re
2365 906 2534 956 vera
2588 886 2660 954 in
2708 886 2938 955 animo

596 992 886 1063 similem
946 991 1491 1081 distributionem
1552 1001 1752 1080 atque
1805 992 2239 1064 Aristotelem
2306 992 2649 1079 habuisse.
2712 990 2941 1080 Atque

596 1100 797 1169 huius
854 1099 1211 1169 divisionis
1266 1098 1593 1170 indicium
1646 1099 1778 1170 hoc
1831 1108 1957 1188 est,
2018 1098 2195 1187 quod
2263 1100 2452 1169 chori
2537 1108 2603 1169 et
2659 1098 2935 1168 histrio-

597 1228 758 1281 num
812 1214 1044 1295 partes
1102 1207 1281 1275 intei
1337 1226 1409 1275 se
1467 1206 1706 1276 altern-
1711 1215 1832 1293 mt,
1893 1227 2043 1277 cum
2082 1207 2154 1275 in
2191 1205 2549 1295 tragoedia
2609 1205 2905 1292 antiquis

599 1315 773 1383 sima
850 1313 1055 1381 choro
1096 1322 1099 1327 ’
1136 1312 1578 1401 praevalente
1662 1335 1703 1382 3
1797 1313 2002 1383 choro
2092 1314 2458 1400 incipiatur
2533 1321 2734 1400 atque
2817 1332 2942 1400 per

600 1442 747 1489 eum
806 1420 1106 1499 finiatur,
1167 1420 1237 1488 in
1292 1419 1689 1509 tragoediae
1750 1429 1971 1490 autem
2028 1421 2427 1508 posterioris
2486 1420 2730 1489 aetatis
2795 1418 2939 1488 his*-

598 1527 935 1597 monibus
995 1527 1546 1613 praevalentibus
1605 1527 1691 1597 ab
1748 1527 2155 1598 histrionum
2264 1536 2537 1615 parte
2572 1525 2943 1615 incipiatur

602 1642 805 1720 atque
859 1654 983 1722 per
1036 1632 1243 1702 talem
1300 1632 1576 1703 finiatur
1642 1623 1787 1703 ¹²⁶).
1747 1630 2046 1720 lQuod
2131 1633 2643 1751 tragoediaium
2727 1631 2943 1701 tradi-

602 1751 827 1809 tarum
882 1748 1139 1828 parteS‚
1201 1741 1272 1808 in
1328 1740 1571 1826 quibus
1630 1741 1875 1811 choius
1935 1741 2097 1829 agit,
2157 1748 2227 1810 et
2282 1742 2536 1829 parteS‚
2600 1740 2671 1808 in
2701 1738 2945 1826 quibus

600 1847 970 1916 histriones
1027 1856 1259 1935 agunt,
1318 1868 1452 1915 non
1510 1848 1748 1917 eadem
1806 1846 2251 1937 amplitudine
2360 1853 2537 1935 sunt,
2654 1845 2725 1914 id
2807 1866 2945 1915 non

601 1953 988 2022 mirandum
1047 1964 1169 2040 est,
1229 1954 1389 2041 quia
1445 1975 1521 2024 re
1579 1955 1963 2024 dramatica
2020 1964 2221 2023 aucta
2302 1975 2419 2024 eas
2528 1961 2783 2040 partes,
2872 1951 2945 2019 id

604 2069 707 2130 est
760 2060 1188 2149 histrionum,
1249 2081 1373 2149 per
1428 2081 1597 2148 quas
1631 2069 2102 2150 argumentum
2140 2060 2537 2150 tragoediae
2577 2059 2938 2146 evolvitur,

605 2187 876 2254 augere,
939 2160 1191 2236 contra
1231 2158 1461 2255 partes
1519 2168 1733 2256 chori,
1812 2189 1934 2257 per
2025 2189 2194 2255 quas
2280 2174 2748 2256 argumentum
2807 2186 2942 2233 non

604 2274 964 2355 evolvitur,
1027 2263 1428 2344 imminuere
1485 2276 1947 2345 necessarium
2004 2283 2171 2344 erat.
2238 2274 2346 2344 Ad
2403 2294 2609 2362 quam
2674 2281 2908 2343 senten

604 2381 772 2449 tiam
833 2369 1367 2450 confirmandam
1426 2403 1561 2452 non
1617 2383 1817 2471 parvi
1875 2382 2194 2452 momenti
2305 2390 2429 2451 est.
2527 2380 2707 2468 quod
2765 2378 2948 2467 apud

605 2487 1016 2577 Aeschylum
1053 2488 1350 2557 chorica
1406 2490 1575 2558 satis
1632 2490 1925 2578 prolixa,
1972 2488 2150 2577 apud
2189 2488 2594 2577 Sophoclem
2630 2508 2766 2556 non
2805 2494 2949 2555 tam

488 2618 493 2625 ²
603 2593 895 2682 prolixa,
957 2594 1136 2682 apud
1175 2593 1320 2663 Em
1323 2595 1571 2684 lpidem
1632 2595 1922 2684 denique
1979 2595 2317 2665 interdum
2375 2605 2516 2665 tam
2570 2594 2835 2681 brevia,
2875 2600 2952 2720 ut

518 2757 523 2761 .
604 2721 688 2769 ne
719 2701 1269 2809 compositionem
1309 2702 1727 2792 strophicam
1765 2702 1944 2772 ferre
1983 2704 2265 2792 possint,
2326 2702 2673 2774 habemus.

819 2912 1010 2999 Quod
1068 2924 1307 3003 poetae
1362 2923 1594 3003 partes
1650 2916 2039 2984 recitatoris
2109 2936 2255 2983 cum
2351 2913 2660 3003 partibus
2753 2912 2946 2983 chori

602 3043 737 3091 non
794 3043 872 3091 eo
932 3009 1212 3091 consilio
1270 3022 1601 3091 alternari
1663 3022 2038 3109 voluerunt,
2099 3031 2171 3090 ut
2230 3043 2353 3111 per
2411 3021 2688 3091 chorica
2728 3020 2941 3089 actioss

603 3150 758 3198 nem
813 3128 1284 3198 histrionalem
1341 3128 1909 3218 interrumpentia
1964 3150 2116 3218 eam
2172 3130 2394 3218 ipsam
2478 3128 2549 3195 in
2632 3126 2943 3216 singulas

607 3246 835 3322 partes
891 3234 1296 3323 dividerent,
1356 3235 1425 3303 id
1483 3236 1736 3324 optime
1793 3229 2113 3306 tractatio
2169 3235 2409 3324 parodi
2502 3233 2946 3305 commaticae

607 3342 819 3412 docet.
879 3342 1061 3411 Nam
1119 3342 1415 3431 parodus
1473 3342 1876 3417 commatica
1931 3343 2133 3431 longe
2190 3342 2390 3412 aliter
2485 3350 2688 3429 atque
2743 3360 2943 3429 paro·
3036 3382 3042 3386 -

607 3448 732 3519 dus
788 3470 828 3518 a
885 3451 1029 3519 solo
1086 3449 1292 3518 choro
1350 3458 1649 3541 cantata,
1709 3450 1825 3519 vix
1882 3450 2030 3520 sine
2088 3449 2336 3520 damno
2419 3449 2718 3538 partium
2812 3447 2946 3517 cir-

608 3556 1083 3626 cumstantium
1130 3556 1419 3625 actionis
1474 3557 1902 3628 histrionalis
1959 3557 2268 3627 exsecari
2323 3560 2563 3646 potest,
2606 3545 2767 3643 qu'ia
2805 3554 2945 3643 ple-

605 3683 887 3749 rumque
926 3671 992 3732 et
1031 3662 1116 3731 ab
1158 3662 1599 3734 antecedente
1637 3664 1905 3753 prologi
1943 3664 2183 3733 ultima
2240 3683 2489 3740 scaena
2545 3672 2611 3732 et
2649 3684 2690 3732 a
2726 3662 2977 3750 prima·

604 3783 801 3858 parte
829 3768 1115 3859 episodii
1146 3770 1485 3858 sequentis
1513 3770 1781 3860 pendet.
1816 3770 1922 3841 Ita
1960 3770 2258 3859 parodus
2289 3769 2692 3840 commatica
2721 3767 2942 3837 Prom.

616 3870 1025 3945 128--192
1088 3877 1173 3946 ab
1239 3877 1792 3968 antecedentibus
1874 3900 1939 3946 v.
2041 3874 2064 3940 l
2094 3872 2288 3940 14-
2313 3871 2448 3947 127
2508 3875 2695 3946 nullo
2750 3874 2949 3945 modo

608 3982 844 4052 divelli
873 3993 1089 4071 potest
1123 4005 1338 4071 neque
1377 3984 1464 4054 ab
1496 4005 1576 4054 ea
1599 3985 1867 4053 initium
1888 3985 2176 4074 episodii
2205 3985 2410 4073 primi
2435 4005 2498 4051 v.
2540 3976 2676 4047 193
2698 3976 2945 4046 -28-:22

608 4110 930 4179 separare
1005 4091 1164 4160 licet
1265 4091 1528 4161 Deinde
1582 4091 1881 4180 parodus
1940 4112 2176 4161 comm.
2237 4090 2443 4179 Soph.
2523 4089 2634 4159 El.
2697 4083 2883 4154 121-
2904 4122 2938 4131 --

606 4258 1143 4267 ..-————-.--——-—⁴⁴s-
1192 4261 1245 4266 --

828 4332 933 4411 ¹2⁶)
982 4333 1123 4397 Non
1172 4351 1426 4412 prorsus
1472 4333 1557 4395 ita
1611 4328 1993 4396 Schmidtius
2040 4350 2101 4411 p·
2151 4328 2191 4390 8
2241 4328 2346 4410 (de
2394 4351 2539 4411 par·
2625 4334 2782 4404 notu)
2870 4331 2996 4412 de.

606 4424 723 4488 hac
769 4441 838 4486 re
883 4422 1202 4487 iudicavit.
