<?xml version="1.0" encoding="UTF-8"?>
<!DOCTYPE html PUBLIC "-//W3C//DTD XHTML 1.0 Transitional//EN"
    "http://www.w3.org/TR/xhtml1/DTD/xhtml1-transitional.dtd">
<html xmlns="http://www.w3.org/1999/xhtml" xml:lang="en" lang="en">
 <head>
  <title>
</title>
<meta http-equiv="Content-Type" content="text/html;charset=utf-8" />
  <meta name='ocr-system' content='tesseract 3.04.00' />
  <meta name='ocr-capabilities' content='ocr_page ocr_carea ocr_par ocr_line ocrx_word'/>
</head>
<body>
  <div class='ocr_page' id='page_1' title='image "./detragoediarumg00dechgoog_0114.png"; bbox 0 0 3417 5384; ppageno 0'>
   <div class='ocr_carea' id='block_1_1' title="bbox 810 434 963 515">
    <p class='ocr_par' dir='ltr' id='par_1_1' title="bbox 810 434 963 515">
     <span class='ocr_line' id='line_1_1' title="bbox 810 434 963 515; baseline -0.039 -2"><span class='ocrx_word' id='word_1_1' title='bbox 810 434 963 515; x_wconf 82' lang='lat'>110</span> 
     </span>
    </p>
   </div>
   <div class='ocr_carea' id='block_1_2' title="bbox 794 634 3158 1708">
    <p class='ocr_par' dir='ltr' id='par_1_2' title="bbox 794 634 3158 1371">
     <span class='ocr_line' id='line_1_2' title="bbox 795 634 3144 757; baseline -0.003 -27"><span class='ocrx_word' id='word_1_2' title='bbox 795 675 998 757; x_wconf 86' lang='lat' dir='ltr'>quam</span> <span class='ocrx_word' id='word_1_3' title='bbox 1054 638 1461 730; x_wconf 84' lang='lat' dir='ltr'>sententiam</span> <span class='ocrx_word' id='word_1_4' title='bbox 1514 639 1942 743; x_wconf 78' lang='lat' dir='ltr'><strong>probandam</strong></span> <span class='ocrx_word' id='word_1_5' title='bbox 1998 660 2410 724; x_wconf 77' lang='lat' dir='ltr'>momentum</span> <span class='ocrx_word' id='word_1_6' title='bbox 2447 646 2788 741; x_wconf 82' lang='lat' dir='ltr'>quoddam</span> <span class='ocrx_word' id='word_1_7' title='bbox 2825 634 2898 722; x_wconf 84' lang='lat' dir='ltr'>id</span> <span class='ocrx_word' id='word_1_8' title='bbox 2939 664 3144 740; x_wconf 79' lang='lat' dir='ltr'>prae·-</span> 
     </span>
     <span class='ocr_line' id='line_1_3' title="bbox 794 754 3146 852; baseline -0.003 -19"><span class='ocrx_word' id='word_1_9' title='bbox 794 762 931 852; x_wconf 86' lang='grc'><strong>1101,</strong></span> <span class='ocrx_word' id='word_1_10' title='bbox 989 759 1169 850; x_wconf 88' lang='lat' dir='ltr'>quod</span> <span class='ocrx_word' id='word_1_11' title='bbox 1225 754 1405 851; x_wconf 89' lang='lat' dir='ltr'>apud</span> <span class='ocrx_word' id='word_1_12' title='bbox 1461 759 1794 832; x_wconf 79' lang='lat' dir='ltr'>Senecam</span> <span class='ocrx_word' id='word_1_13' title='bbox 1848 761 2098 833; x_wconf 88' lang='lat' dir='ltr'>chorus</span> <span class='ocrx_word' id='word_1_14' title='bbox 2150 780 2519 849; x_wconf 83' lang='lat' dir='ltr'>numquam</span> <span class='ocrx_word' id='word_1_15' title='bbox 2575 758 2663 829; x_wconf 90' lang='lat' dir='ltr'>ad</span> <span class='ocrx_word' id='word_1_16' title='bbox 2701 767 2966 849; x_wconf 90' lang='lat' dir='ltr'>tempus</span> <span class='ocrx_word' id='word_1_17' title='bbox 3018 758 3146 830; x_wconf 86' lang='lat' dir='ltr'>ali·</span> 
     </span>
     <span class='ocr_line' id='line_1_4' title="bbox 795 865 3158 969; baseline -0.001 -30"><span class='ocrx_word' id='word_1_18' title='bbox 795 869 989 969; x_wconf 87' lang='lat' dir='ltr'>quod-</span> <span class='ocrx_word' id='word_1_19' title='bbox 1029 870 1102 938; x_wconf 90' lang='grc'>111</span> <span class='ocrx_word' id='word_1_20' title='bbox 1160 867 1473 941; x_wconf 87' lang='lat' dir='ltr'>absentia</span> <span class='ocrx_word' id='word_1_21' title='bbox 1527 868 1937 959; x_wconf 83' lang='lat' dir='ltr'>histrionum</span> <span class='ocrx_word' id='word_1_22' title='bbox 1992 888 2227 940; x_wconf 88' lang='lat' dir='ltr'>eorum</span> <span class='ocrx_word' id='word_1_23' title='bbox 2289 875 2522 957; x_wconf 88' lang='lat' dir='ltr'>partes</span> <span class='ocrx_word' id='word_1_24' title='bbox 2577 865 2884 956; x_wconf 82' lang='lat' dir='ltr'>suscipit,</span> <span class='ocrx_word' id='word_1_25' title='bbox 2943 874 3016 936; x_wconf 89' lang='lat' dir='ltr'>ut</span> <span class='ocrx_word' id='word_1_26' title='bbox 3081 865 3158 936; x_wconf 89' lang='lat' dir='ltr'>in</span> 
     </span>
     <span class='ocr_line' id='line_1_5' title="bbox 797 970 3155 1065; baseline -0.003 -14"><span class='ocrx_word' id='word_1_27' title='bbox 797 977 884 1053; x_wconf 86' lang='lat' dir='ltr'>iis</span> <span class='ocrx_word' id='word_1_28' title='bbox 976 970 1244 1047; x_wconf 85' lang='lat' dir='ltr'>scaenis</span> <span class='ocrx_word' id='word_1_29' title='bbox 1323 984 1502 1064; x_wconf 89' lang='lat' dir='ltr'>trag.</span> <span class='ocrx_word' id='word_1_30' title='bbox 1583 973 1706 1047; x_wconf 88' lang='lat' dir='ltr'>Gr.</span> <span class='ocrx_word' id='word_1_31' title='bbox 1788 975 1948 1046; x_wconf 88' lang='lat' dir='ltr'>fieri</span> <span class='ocrx_word' id='word_1_32' title='bbox 2022 974 2215 1057; x_wconf 90' lang='lat' dir='ltr'>solet,</span> <span class='ocrx_word' id='word_1_33' title='bbox 2292 975 2368 1048; x_wconf 91' lang='lat' dir='ltr'>in</span> <span class='ocrx_word' id='word_1_34' title='bbox 2446 973 2690 1065; x_wconf 84' lang='lat' dir='ltr'>quibus</span> <span class='ocrx_word' id='word_1_35' title='bbox 2772 973 3155 1045; x_wconf 82' lang='lat' dir='ltr'>occisiones</span> 
     </span>
     <span class='ocr_line' id='line_1_6' title="bbox 797 1081 3149 1177; baseline -0.002 -24"><span class='ocrx_word' id='word_1_36' title='bbox 797 1090 1291 1177; x_wconf 87' lang='lat' dir='ltr'>proponuntur,</span> <span class='ocrx_word' id='word_1_37' title='bbox 1370 1082 1639 1153; x_wconf 86' lang='lat' dir='ltr'>etiamsi</span> <span class='ocrx_word' id='word_1_38' title='bbox 1714 1091 2187 1172; x_wconf 83' lang='lat' dir='ltr'>argumentum</span> <span class='ocrx_word' id='word_1_39' title='bbox 2268 1083 2746 1153; x_wconf 87' lang='lat' dir='ltr'>nonnullorum</span> <span class='ocrx_word' id='word_1_40' title='bbox 2801 1081 2948 1152; x_wconf 87' lang='lat' dir='ltr'>eius</span> <span class='ocrx_word' id='word_1_41' title='bbox 3004 1089 3149 1150; x_wconf 89' lang='lat' dir='ltr'>tra-</span> 
     </span>
     <span class='ocr_line' id='line_1_7' title="bbox 801 1187 3148 1290; baseline -0.002 -27"><span class='ocrx_word' id='word_1_42' title='bbox 801 1189 1224 1290; x_wconf 84' lang='lat' dir='ltr'>goediarum,</span> <span class='ocrx_word' id='word_1_43' title='bbox 1284 1189 1494 1260; x_wconf 89' lang='lat' dir='ltr'>veluti</span> <span class='ocrx_word' id='word_1_44' title='bbox 1552 1187 1830 1280; x_wconf 87' lang='lat' dir='ltr'>Medea,</span> <span class='ocrx_word' id='word_1_45' title='bbox 1886 1191 2162 1279; x_wconf 91' lang='lat' dir='ltr'>Agam.‚</span> <span class='ocrx_word' id='word_1_46' title='bbox 2197 1188 2286 1259; x_wconf 90' lang='lat' dir='ltr'>ad</span> <span class='ocrx_word' id='word_1_47' title='bbox 2330 1189 2512 1261; x_wconf 86' lang='lat' dir='ltr'>hanc</span> <span class='ocrx_word' id='word_1_48' title='bbox 2566 1209 2711 1259; x_wconf 92' lang='lat' dir='ltr'>rem</span> <span class='ocrx_word' id='word_1_49' title='bbox 2767 1188 2936 1261; x_wconf 87' lang='lat' dir='ltr'>satis</span> <span class='ocrx_word' id='word_1_50' title='bbox 2991 1208 3148 1278; x_wconf 88' lang='lat' dir='ltr'>pro·</span> 
     </span>
     <span class='ocr_line' id='line_1_8' title="bbox 800 1298 1541 1371; baseline -0.007 -1"><span class='ocrx_word' id='word_1_51' title='bbox 800 1298 978 1371; x_wconf 87' lang='lat' dir='ltr'>clive</span> <span class='ocrx_word' id='word_1_52' title='bbox 1034 1306 1159 1369; x_wconf 87' lang='lat' dir='ltr'>est.</span> <span class='ocrx_word' id='word_1_53' title='bbox 1538 1338 1541 1339; x_wconf 30' lang='lat' dir='ltr'><strong><em>f</em></strong></span> 
     </span>
    </p>

    <p class='ocr_par' dir='ltr' id='par_1_3' title="bbox 798 1398 3149 1708">
     <span class='ocr_line' id='line_1_9' title="bbox 1014 1398 3143 1494; baseline 0 -20"><span class='ocrx_word' id='word_1_54' title='bbox 1014 1402 1208 1492; x_wconf 84' lang='lat' dir='ltr'>Quod</span> <span class='ocrx_word' id='word_1_55' title='bbox 1262 1412 1487 1474; x_wconf 85' lang='lat' dir='ltr'>autem</span> <span class='ocrx_word' id='word_1_56' title='bbox 1543 1403 1632 1474; x_wconf 87' lang='lat' dir='ltr'>ad</span> <span class='ocrx_word' id='word_1_57' title='bbox 1688 1404 2024 1476; x_wconf 88' lang='lat' dir='ltr'>rationem</span> <span class='ocrx_word' id='word_1_58' title='bbox 2096 1404 2410 1494; x_wconf 85' lang='lat' dir='ltr'>pertinet,</span> <span class='ocrx_word' id='word_1_59' title='bbox 2449 1423 2625 1491; x_wconf 85' lang='lat' dir='ltr'>-qua</span> <span class='ocrx_word' id='word_1_60' title='bbox 2665 1402 2874 1473; x_wconf 83' lang='lat' dir='ltr'>chori</span> <span class='ocrx_word' id='word_1_61' title='bbox 2929 1398 3143 1474; x_wconf 87' lang='lat' dir='ltr'>intro-</span> 
     </span>
     <span class='ocr_line' id='line_1_10' title="bbox 798 1509 3149 1601; baseline -0.003 -13"><span class='ocrx_word' id='word_1_62' title='bbox 798 1512 1027 1589; x_wconf 84' lang='lat' dir='ltr'>ductio</span> <span class='ocrx_word' id='word_1_63' title='bbox 1080 1532 1231 1583; x_wconf 89' lang='lat' dir='ltr'>cum</span> <span class='ocrx_word' id='word_1_64' title='bbox 1302 1511 1457 1600; x_wconf 90' lang='lat' dir='ltr'>ipsa</span> <span class='ocrx_word' id='word_1_65' title='bbox 1529 1511 1796 1582; x_wconf 87' lang='lat' dir='ltr'>actione</span> <span class='ocrx_word' id='word_1_66' title='bbox 1850 1510 2231 1584; x_wconf 87' lang='lat' dir='ltr'>evolvenda</span> <span class='ocrx_word' id='word_1_67' title='bbox 2302 1509 2628 1599; x_wconf 84' lang='lat' dir='ltr'>iungitur,</span> <span class='ocrx_word' id='word_1_68' title='bbox 2709 1531 2792 1581; x_wconf 88' lang='lat' dir='ltr'>ea</span> <span class='ocrx_word' id='word_1_69' title='bbox 2865 1531 3149 1601; x_wconf 87' lang='lat' dir='ltr'>prorsus</span> 
     </span>
     <span class='ocr_line' id='line_1_11' title="bbox 799 1616 3148 1708; baseline -0.002 -18"><span class='ocrx_word' id='word_1_70' title='bbox 799 1619 887 1697; x_wconf 84' lang='lat' dir='ltr'>ab</span> <span class='ocrx_word' id='word_1_71' title='bbox 943 1640 1027 1690; x_wconf 87' lang='lat' dir='ltr'>ea</span> <span class='ocrx_word' id='word_1_72' title='bbox 1085 1639 1171 1697; x_wconf 61' lang='lat' dir='ltr'>re,</span> <span class='ocrx_word' id='word_1_73' title='bbox 1232 1616 1504 1708; x_wconf 85' lang='lat' dir='ltr'>pendet,</span> <span class='ocrx_word' id='word_1_74' title='bbox 1592 1639 1681 1689; x_wconf 90' lang='lat' dir='ltr'>an</span> <span class='ocrx_word' id='word_1_75' title='bbox 1766 1628 1924 1690; x_wconf 88' lang='lat' dir='ltr'>ante</span> <span class='ocrx_word' id='word_1_76' title='bbox 2004 1639 2158 1690; x_wconf 88' lang='lat' dir='ltr'>eam</span> <span class='ocrx_word' id='word_1_77' title='bbox 2239 1618 2379 1688; x_wconf 89' lang='lat' dir='ltr'>iam</span> <span class='ocrx_word' id='word_1_78' title='bbox 2463 1616 2644 1688; x_wconf 89' lang='lat' dir='ltr'>actio</span> <span class='ocrx_word' id='word_1_79' title='bbox 2724 1617 2998 1707; x_wconf 87' lang='lat' dir='ltr'>incepta</span> <span class='ocrx_word' id='word_1_80' title='bbox 3055 1618 3148 1688; x_wconf 91' lang='grc'>311</span> 
     </span>
    </p>
   </div>
   <div class='ocr_carea' id='block_1_3' title="bbox 2243 1306 2258 1321">
    <p class='ocr_par' dir='ltr' id='par_1_4' title="bbox 2243 1306 2258 1321">
     <span class='ocr_line' id='line_1_12' title="bbox 2243 1306 2258 1321; baseline 0 -2"><span class='ocrx_word' id='word_1_81' title='bbox 2243 1306 2258 1321; x_wconf 52' lang='grc' dir='ltr'>’Ν</span> 
     </span>
    </p>
   </div>
   <div class='ocr_carea' id='block_1_4' title="bbox 709 1724 3148 4497">
    <p class='ocr_par' dir='ltr' id='par_1_5' title="bbox 709 1724 3148 4497">
     <span class='ocr_line' id='line_1_13' title="bbox 801 1724 3145 1816; baseline -0.002 -15"><span class='ocrx_word' id='word_1_82' title='bbox 801 1747 1050 1801; x_wconf 85' lang='lat' dir='ltr'>annon.</span> <span class='ocrx_word' id='word_1_83' title='bbox 1109 1726 1336 1814; x_wconf 84' lang='lat' dir='ltr'>Atque</span> <span class='ocrx_word' id='word_1_84' title='bbox 1389 1725 1605 1796; x_wconf 90' lang='grc'><strong>111-113</strong></span> <span class='ocrx_word' id='word_1_85' title='bbox 1659 1725 2057 1816; x_wconf 78' lang='lat' dir='ltr'>tragoediiS,</span> <span class='ocrx_word' id='word_1_86' title='bbox 2117 1726 2190 1795; x_wconf 91' lang='lat' dir='ltr'>in</span> <span class='ocrx_word' id='word_1_87' title='bbox 2245 1724 2487 1814; x_wconf 89' lang='lat' dir='ltr'>quibus</span> <span class='ocrx_word' id='word_1_88' title='bbox 2560 1732 2974 1796; x_wconf 91' lang='lat' dir='ltr'>momentum</span> <span class='ocrx_word' id='word_1_89' title='bbox 3027 1744 3145 1796; x_wconf 86' lang='lat' dir='ltr'>ac-</span> 
     </span>
     <span class='ocr_line' id='line_1_14' title="bbox 797 1830 3148 1922; baseline -0.002 -17"><span class='ocrx_word' id='word_1_90' title='bbox 797 1834 1001 1907; x_wconf 85' lang='lat' dir='ltr'>tionis</span> <span class='ocrx_word' id='word_1_91' title='bbox 1054 1830 1451 1916; x_wconf 84' lang='lat' dir='ltr'>nectendae,</span> <span class='ocrx_word' id='word_1_92' title='bbox 1509 1853 1643 1920; x_wconf 88' lang='lat' dir='ltr'>quo</span> <span class='ocrx_word' id='word_1_93' title='bbox 1697 1833 1968 1904; x_wconf 90' lang='lat' dir='ltr'>initium</span> <span class='ocrx_word' id='word_1_94' title='bbox 2014 1833 2220 1904; x_wconf 87' lang='lat' dir='ltr'>totius</span> <span class='ocrx_word' id='word_1_95' title='bbox 2276 1831 2563 1903; x_wconf 88' lang='lat' dir='ltr'>actionis</span> <span class='ocrx_word' id='word_1_96' title='bbox 2600 1830 2950 1921; x_wconf 87' lang='lat' dir='ltr'>definitur,</span> <span class='ocrx_word' id='word_1_97' title='bbox 2990 1840 3148 1922; x_wconf 91' lang='lat' dir='ltr'>post</span> 
     </span>
     <span class='ocr_line' id='line_1_15' title="bbox 797 1938 3146 2030; baseline -0.009 -11"><span class='ocrx_word' id='word_1_98' title='bbox 797 1940 1361 2019; x_wconf 84' lang='lat' dir='ltr'>introductionem</span> <span class='ocrx_word' id='word_1_99' title='bbox 1419 1938 1610 2010; x_wconf 91' lang='lat' dir='ltr'>chori</span> <span class='ocrx_word' id='word_1_100' title='bbox 1667 1940 1943 2030; x_wconf 88' lang='lat' dir='ltr'>accidit,</span> <span class='ocrx_word' id='word_1_101' title='bbox 2003 1941 2125 2011; x_wconf 89' lang='lat' dir='ltr'>illa</span> <span class='ocrx_word' id='word_1_102' title='bbox 2174 1960 2443 2029; x_wconf 87' lang='lat' dir='ltr'>semper</span> <span class='ocrx_word' id='word_1_103' title='bbox 2481 1946 2632 2009; x_wconf 76' lang='grc' dir='ltr'>τοῖς</span> <span class='ocrx_word' id='word_1_104' title='bbox 2670 1951 3146 2030; x_wconf 78' lang='grc' dir='ltr'><em>προπεπραγ-</em></span> 
     </span>
     <span class='ocr_line' id='line_1_16' title="bbox 800 2043 3147 2153; baseline 0.001 -39"><span class='ocrx_word' id='word_1_105' title='bbox 800 2046 1050 2153; x_wconf 72' lang='grc' dir='ltr'><strong>μένοις</strong></span> <span class='ocrx_word' id='word_1_106' title='bbox 1104 2043 1363 2119; x_wconf 85' lang='grc'><strong>30111001</strong></span> <span class='ocrx_word' id='word_1_107' title='bbox 1417 2048 1821 2136; x_wconf 80' lang='lat' dir='ltr'>expositioni</span> <span class='ocrx_word' id='word_1_108' title='bbox 1876 2049 2009 2137; x_wconf 87' lang='lat' dir='ltr'>ipsi</span> <span class='ocrx_word' id='word_1_109' title='bbox 2068 2046 2571 2119; x_wconf 85' lang='lat' dir='ltr'>accomodatur.</span> <span class='ocrx_word' id='word_1_110' title='bbox 2631 2045 2748 2116; x_wconf 79' lang='lat' dir='ltr'>Ita</span> <span class='ocrx_word' id='word_1_111' title='bbox 2796 2047 2867 2116; x_wconf 92' lang='lat' dir='ltr'>in</span> <span class='ocrx_word' id='word_1_112' title='bbox 2925 2045 3147 2117; x_wconf 86' lang='lat' dir='ltr'>Aiace</span> 
     </span>
     <span class='ocr_line' id='line_1_17' title="bbox 805 2149 3147 2255; baseline -0.004 -24"><span class='ocrx_word' id='word_1_113' title='bbox 805 2177 972 2241; x_wconf 52' lang='lat' dir='ltr'>cum,</span> <span class='ocrx_word' id='word_1_114' title='bbox 1009 2153 1370 2226; x_wconf 78' lang='lat' dir='ltr'>manifesto</span> <span class='ocrx_word' id='word_1_115' title='bbox 1422 2155 1721 2245; x_wconf 88' lang='lat' dir='ltr'>parodus</span> <span class='ocrx_word' id='word_1_116' title='bbox 1756 2178 1824 2226; x_wconf 81' lang='lat' dir='ltr'>v.</span> <span class='ocrx_word' id='word_1_117' title='bbox 1870 2149 2309 2255; x_wconf 79' lang='lat' dir='ltr'>134—2o0,</span> <span class='ocrx_word' id='word_1_118' title='bbox 2349 2175 2484 2244; x_wconf 90' lang='lat' dir='ltr'>qua</span> <span class='ocrx_word' id='word_1_119' title='bbox 2520 2154 2712 2244; x_wconf 88' lang='lat' dir='ltr'>prior</span> <span class='ocrx_word' id='word_1_120' title='bbox 2747 2173 2912 2242; x_wconf 88' lang='lat' dir='ltr'>pars</span> <span class='ocrx_word' id='word_1_121' title='bbox 2952 2153 3147 2225; x_wconf 88' lang='lat' dir='ltr'>chori</span> 
     </span>
     <span class='ocr_line' id='line_1_18' title="bbox 805 2260 3143 2353; baseline 0 -21"><span class='ocrx_word' id='word_1_122' title='bbox 805 2261 1213 2341; x_wconf 83' lang='lat' dir='ltr'>introductio</span> <span class='ocrx_word' id='word_1_123' title='bbox 1266 2260 1369 2345; x_wconf 84' lang='lat' dir='ltr'>fit,</span> <span class='ocrx_word' id='word_1_124' title='bbox 1421 2263 1861 2353; x_wconf 85' lang='lat' dir='ltr'>exspositioni</span> <span class='ocrx_word' id='word_1_125' title='bbox 1900 2263 2305 2345; x_wconf 86' lang='lat' dir='ltr'>annectitur,</span> <span class='ocrx_word' id='word_1_126' title='bbox 2338 2282 2544 2351; x_wconf 87' lang='lat' dir='ltr'>quam</span> <span class='ocrx_word' id='word_1_127' title='bbox 2578 2261 2903 2351; x_wconf 84' lang='lat' dir='ltr'>prologus</span> <span class='ocrx_word' id='word_1_128' title='bbox 2941 2281 3143 2351; x_wconf 89' lang='lat' dir='ltr'>prae-</span> 
     </span>
     <span class='ocr_line' id='line_1_19' title="bbox 806 2363 3147 2461; baseline -0.003 -15"><span class='ocrx_word' id='word_1_129' title='bbox 806 2370 941 2453; x_wconf 88' lang='lat' dir='ltr'>bet,</span> <span class='ocrx_word' id='word_1_130' title='bbox 999 2378 1140 2439; x_wconf 89' lang='lat' dir='ltr'>tum</span> <span class='ocrx_word' id='word_1_131' title='bbox 1195 2369 1268 2439; x_wconf 91' lang='lat' dir='ltr'>in</span> <span class='ocrx_word' id='word_1_132' title='bbox 1322 2369 1552 2458; x_wconf 90' lang='lat' dir='ltr'>priore</span> <span class='ocrx_word' id='word_1_133' title='bbox 1604 2379 1804 2461; x_wconf 89' lang='lat' dir='ltr'>parte</span> <span class='ocrx_word' id='word_1_134' title='bbox 1841 2368 2132 2461; x_wconf 92' lang='lat' dir='ltr'>episodii</span> <span class='ocrx_word' id='word_1_135' title='bbox 2169 2369 2377 2460; x_wconf 90' lang='lat' dir='ltr'>primi</span> <span class='ocrx_word' id='word_1_136' title='bbox 2416 2390 2481 2439; x_wconf 85' lang='lat' dir='ltr'>v.</span> <span class='ocrx_word' id='word_1_137' title='bbox 2528 2363 2671 2434; x_wconf 83' lang='lat'>201</span> <span class='ocrx_word' id='word_1_138' title='bbox 2696 2363 2975 2438; x_wconf 79' lang='lat'><strong>-332.</strong></span> <span class='ocrx_word' id='word_1_139' title='bbox 3008 2389 3147 2456; x_wconf 90' lang='lat' dir='ltr'>qua</span> 
     </span>
     <span class='ocr_line' id='line_1_20' title="bbox 809 2474 3145 2566; baseline -0.003 -13"><span class='ocrx_word' id='word_1_140' title='bbox 809 2477 1028 2553; x_wconf 82' lang='lat' dir='ltr'>altera</span> <span class='ocrx_word' id='word_1_141' title='bbox 1081 2497 1246 2566; x_wconf 88' lang='lat' dir='ltr'>pars</span> <span class='ocrx_word' id='word_1_142' title='bbox 1302 2476 2073 2551; x_wconf 80' lang='grc'><strong>011011111110111101101113</strong></span> <span class='ocrx_word' id='word_1_143' title='bbox 2153 2474 2475 2565; x_wconf 82' lang='lat' dir='ltr'>efficitur,</span> <span class='ocrx_word' id='word_1_144' title='bbox 2552 2475 2886 2566; x_wconf 84' lang='lat' dir='ltr'>expositio</span> <span class='ocrx_word' id='word_1_145' title='bbox 2941 2476 3145 2546; x_wconf 91' lang='lat' dir='ltr'>huius</span> 
     </span>
     <span class='ocr_line' id='line_1_21' title="bbox 807 2578 3144 2675; baseline -0.001 -19"><span class='ocrx_word' id='word_1_146' title='bbox 807 2583 1203 2674; x_wconf 84' lang='lat' dir='ltr'>tragoediae</span> <span class='ocrx_word' id='word_1_147' title='bbox 1259 2605 1338 2655; x_wconf 91' lang='lat' dir='ltr'>eo</span> <span class='ocrx_word' id='word_1_148' title='bbox 1392 2593 1837 2675; x_wconf 85' lang='lat' dir='ltr'>propagatur,</span> <span class='ocrx_word' id='word_1_149' title='bbox 1897 2578 2227 2674; x_wconf 80' lang='lat' dir='ltr'>quodibi</span> <span class='ocrx_word' id='word_1_150' title='bbox 2283 2583 2640 2657; x_wconf 84' lang='lat' dir='ltr'>Tecmessa</span> <span class='ocrx_word' id='word_1_151' title='bbox 2695 2603 2778 2652; x_wconf 88' lang='lat' dir='ltr'>ea</span> <span class='ocrx_word' id='word_1_152' title='bbox 2834 2592 3144 2654; x_wconf 88' lang='lat' dir='ltr'>extrema</span> 
     </span>
     <span class='ocr_line' id='line_1_22' title="bbox 810 2689 3147 2784; baseline -0.002 -21"><span class='ocrx_word' id='word_1_153' title='bbox 810 2697 958 2759; x_wconf 75' lang='grc' dir='ltr'>τῶν</span> <span class='ocrx_word' id='word_1_154' title='bbox 1015 2689 1721 2784; x_wconf 78' lang='grc' dir='ltr'>προπεπραγμένων,</span> <span class='ocrx_word' id='word_1_155' title='bbox 1782 2712 1955 2780; x_wconf 91' lang='lat' dir='ltr'>quae</span> <span class='ocrx_word' id='word_1_156' title='bbox 2038 2692 2259 2782; x_wconf 88' lang='lat' dir='ltr'>ipsum</span> <span class='ocrx_word' id='word_1_157' title='bbox 2332 2691 2602 2763; x_wconf 87' lang='lat' dir='ltr'>initium</span> <span class='ocrx_word' id='word_1_158' title='bbox 2673 2689 2882 2763; x_wconf 86' lang='lat' dir='ltr'>totius</span> <span class='ocrx_word' id='word_1_159' title='bbox 2937 2691 3147 2761; x_wconf 87' lang='lat' dir='ltr'>actio-</span> 
     </span>
     <span class='ocr_line' id='line_1_23' title="bbox 806 2788 3133 2889; baseline -0.006 -14"><span class='ocrx_word' id='word_1_160' title='bbox 806 2799 915 2875; x_wconf 86' lang='lat' dir='ltr'>nis</span> <span class='ocrx_word' id='word_1_161' title='bbox 969 2798 1396 2889; x_wconf 84' lang='lat' dir='ltr'>antecedunt,</span> <span class='ocrx_word' id='word_1_162' title='bbox 1474 2798 1680 2870; x_wconf 91' lang='lat' dir='ltr'>choro</span> <span class='ocrx_word' id='word_1_163' title='bbox 1763 2808 2064 2873; x_wconf 87' lang='lat' dir='ltr'>enarrat.</span> <span class='ocrx_word' id='word_1_164' title='bbox 2128 2798 2227 2871; x_wconf 89' lang='lat' dir='ltr'>De</span> <span class='ocrx_word' id='word_1_165' title='bbox 2281 2819 2418 2888; x_wconf 88' lang='lat' dir='ltr'>qua</span> <span class='ocrx_word' id='word_1_166' title='bbox 2470 2818 2547 2867; x_wconf 87' lang='lat' dir='ltr'>re</span> <span class='ocrx_word' id='word_1_167' title='bbox 2602 2796 2686 2869; x_wconf 85' lang='lat' dir='ltr'>cf.</span> <span class='ocrx_word' id='word_1_168' title='bbox 2747 2818 2813 2867; x_wconf 85' lang='lat' dir='ltr'>v.</span> <span class='ocrx_word' id='word_1_169' title='bbox 2878 2788 3133 2862; x_wconf 75' lang='lat'>271-</span> 
     </span>
     <span class='ocr_line' id='line_1_24' title="bbox 709 2899 3144 2998; baseline -0 -23"><span class='ocrx_word' id='word_1_170' title='bbox 709 2940 717 2949; x_wconf 91' lang='lat'><strong>·</strong></span> <span class='ocrx_word' id='word_1_171' title='bbox 814 2899 987 2975; x_wconf 77' lang='lat'><strong>276.</strong></span> <span class='ocrx_word' id='word_1_172' title='bbox 1048 2904 1130 2974; x_wconf 87' lang='lat' dir='ltr'>In</span> <span class='ocrx_word' id='word_1_173' title='bbox 1186 2904 1435 2975; x_wconf 87' lang='lat' dir='ltr'>Medea</span> <span class='ocrx_word' id='word_1_174' title='bbox 1489 2905 1893 2998; x_wconf 72' lang='lat' dir='ltr'>Euripiden,</span> <span class='ocrx_word' id='word_1_175' title='bbox 1950 2914 2024 2976; x_wconf 90' lang='lat' dir='ltr'>ut</span> <span class='ocrx_word' id='word_1_176' title='bbox 2079 2905 2359 2977; x_wconf 88' lang='lat' dir='ltr'>alterius</span> <span class='ocrx_word' id='word_1_177' title='bbox 2433 2905 2702 2995; x_wconf 92' lang='lat' dir='ltr'>generis</span> <span class='ocrx_word' id='word_1_178' title='bbox 2760 2905 3144 2994; x_wconf 89' lang='lat' dir='ltr'>exemplum</span> 
     </span>
     <span class='ocr_line' id='line_1_25' title="bbox 809 3010 3146 3111; baseline -0.002 -26"><span class='ocrx_word' id='word_1_179' title='bbox 809 3011 1176 3107; x_wconf 85' lang='lat' dir='ltr'>proferam,</span> <span class='ocrx_word' id='word_1_180' title='bbox 1237 3032 1386 3082; x_wconf 89' lang='lat' dir='ltr'>cum</span> <span class='ocrx_word' id='word_1_181' title='bbox 1443 3012 1516 3082; x_wconf 91' lang='lat' dir='ltr'>in</span> <span class='ocrx_word' id='word_1_182' title='bbox 1571 3013 1802 3102; x_wconf 87' lang='lat' dir='ltr'>priore</span> <span class='ocrx_word' id='word_1_183' title='bbox 1855 3022 2053 3103; x_wconf 86' lang='lat' dir='ltr'>parte</span> <span class='ocrx_word' id='word_1_184' title='bbox 2108 3014 2300 3085; x_wconf 88' lang='grc'><strong>011011</strong></span> <span class='ocrx_word' id='word_1_185' title='bbox 2355 3010 2876 3111; x_wconf 81' lang='lat' dir='ltr'>introductionis</span> <span class='ocrx_word' id='word_1_186' title='bbox 2933 3011 3007 3081; x_wconf 90' lang='lat' dir='ltr'>id</span> <span class='ocrx_word' id='word_1_187' title='bbox 3044 3020 3146 3082; x_wconf 90' lang='lat' dir='ltr'>est</span> 
     </span>
     <span class='ocr_line' id='line_1_26' title="bbox 810 3119 3143 3210; baseline -0.003 -16"><span class='ocrx_word' id='word_1_188' title='bbox 810 3120 883 3194; x_wconf 86' lang='lat' dir='ltr'>in</span> <span class='ocrx_word' id='word_1_189' title='bbox 939 3119 1091 3210; x_wconf 86' lang='lat' dir='ltr'>ipsa</span> <span class='ocrx_word' id='word_1_190' title='bbox 1144 3119 1403 3209; x_wconf 90' lang='lat' dir='ltr'>parodo</span> <span class='ocrx_word' id='word_1_191' title='bbox 1459 3119 1544 3191; x_wconf 91' lang='lat' dir='ltr'>ob</span> <span class='ocrx_word' id='word_1_192' title='bbox 1598 3120 1913 3209; x_wconf 87' lang='lat' dir='ltr'>planctus</span> <span class='ocrx_word' id='word_1_193' title='bbox 1969 3119 2260 3191; x_wconf 91' lang='lat' dir='ltr'>Medeae</span> <span class='ocrx_word' id='word_1_194' title='bbox 2317 3119 2586 3190; x_wconf 88' lang='lat' dir='ltr'>auditos</span> <span class='ocrx_word' id='word_1_195' title='bbox 2641 3120 2760 3190; x_wconf 90' lang='lat' dir='ltr'>ille</span> <span class='ocrx_word' id='word_1_196' title='bbox 2816 3128 2883 3193; x_wconf 83' lang='lat' dir='ltr'>et</span> <span class='ocrx_word' id='word_1_197' title='bbox 2912 3119 3143 3189; x_wconf 88' lang='lat' dir='ltr'>nutrix</span> 
     </span>
     <span class='ocr_line' id='line_1_27' title="bbox 815 3212 3143 3319; baseline -0.001 -20"><span class='ocrx_word' id='word_1_198' title='bbox 815 3212 899 3291; x_wconf 65' lang='grc' dir='ltr'>τὰ</span> <span class='ocrx_word' id='word_1_199' title='bbox 953 3221 1581 3319; x_wconf 76' lang='grc' dir='ltr'><em>προπεπραγμένα</em></span> <span class='ocrx_word' id='word_1_200' title='bbox 1632 3229 2123 3318; x_wconf 89' lang='lat' dir='ltr'>perstringant,</span> <span class='ocrx_word' id='word_1_201' title='bbox 2181 3236 2321 3297; x_wconf 91' lang='lat' dir='ltr'>tum</span> <span class='ocrx_word' id='word_1_202' title='bbox 2380 3227 2599 3297; x_wconf 88' lang='lat' dir='ltr'>altera</span> <span class='ocrx_word' id='word_1_203' title='bbox 2653 3227 2799 3299; x_wconf 88' lang='lat' dir='ltr'>eius</span> <span class='ocrx_word' id='word_1_204' title='bbox 2857 3246 3021 3316; x_wconf 89' lang='lat' dir='ltr'>pars</span> <span class='ocrx_word' id='word_1_205' title='bbox 3077 3224 3143 3296; x_wconf 92' lang='lat' dir='ltr'>id</span> 
     </span>
     <span class='ocr_line' id='line_1_28' title="bbox 811 3328 3147 3426; baseline -0.001 -21"><span class='ocrx_word' id='word_1_206' title='bbox 811 3343 912 3411; x_wconf 88' lang='lat' dir='ltr'>est</span> <span class='ocrx_word' id='word_1_207' title='bbox 965 3334 1156 3423; x_wconf 91' lang='lat' dir='ltr'>prior</span> <span class='ocrx_word' id='word_1_208' title='bbox 1211 3354 1374 3425; x_wconf 83' lang='lat' dir='ltr'>pars</span> <span class='ocrx_word' id='word_1_209' title='bbox 1431 3334 1719 3424; x_wconf 88' lang='lat' dir='ltr'>episodii</span> <span class='ocrx_word' id='word_1_210' title='bbox 1774 3335 1980 3426; x_wconf 89' lang='lat' dir='ltr'>primi</span> <span class='ocrx_word' id='word_1_211' title='bbox 2036 3357 2101 3406; x_wconf 89' lang='lat' dir='ltr'>v.</span> <span class='ocrx_word' id='word_1_212' title='bbox 2165 3328 2581 3399; x_wconf 74' lang='lat'>214-268</span> <span class='ocrx_word' id='word_1_213' title='bbox 2638 3333 2750 3403; x_wconf 89' lang='lat' dir='ltr'>his</span> <span class='ocrx_word' id='word_1_214' title='bbox 2843 3333 3015 3424; x_wconf 90' lang='lat' dir='ltr'>ipsis</span> <span class='ocrx_word' id='word_1_215' title='bbox 3070 3354 3147 3403; x_wconf 91' lang='lat' dir='ltr'>eo</span> 
     </span>
     <span class='ocr_line' id='line_1_29' title="bbox 815 3440 3144 3533; baseline -0.001 -21"><span class='ocrx_word' id='word_1_216' title='bbox 815 3449 1112 3533; x_wconf 83' lang='lat' dir='ltr'>aptatur,</span> <span class='ocrx_word' id='word_1_217' title='bbox 1142 3440 1320 3530; x_wconf 88' lang='lat' dir='ltr'>quod</span> <span class='ocrx_word' id='word_1_218' title='bbox 1349 3441 1446 3512; x_wconf 92' lang='lat' dir='ltr'>ibi</span> <span class='ocrx_word' id='word_1_219' title='bbox 1478 3440 1730 3513; x_wconf 90' lang='lat' dir='ltr'>Medea</span> <span class='ocrx_word' id='word_1_220' title='bbox 1751 3443 1956 3513; x_wconf 87' lang='lat' dir='ltr'>choro</span> <span class='ocrx_word' id='word_1_221' title='bbox 1977 3463 2170 3512; x_wconf 89' lang='lat' dir='ltr'>suum</span> <span class='ocrx_word' id='word_1_222' title='bbox 2194 3440 2494 3513; x_wconf 82' lang='lat' dir='ltr'>dolorem</span> <span class='ocrx_word' id='word_1_223' title='bbox 2515 3449 2581 3511; x_wconf 87' lang='lat' dir='ltr'>et</span> <span class='ocrx_word' id='word_1_224' title='bbox 2610 3441 2821 3513; x_wconf 89' lang='lat' dir='ltr'>animi</span> <span class='ocrx_word' id='word_1_225' title='bbox 2851 3440 3144 3515; x_wconf 84' lang='lat' dir='ltr'>affectio·</span> 
     </span>
     <span class='ocr_line' id='line_1_30' title="bbox 810 3542 3138 3640; baseline -0.001 -22"><span class='ocrx_word' id='word_1_226' title='bbox 810 3569 965 3620; x_wconf 91' lang='lat' dir='ltr'>nem</span> <span class='ocrx_word' id='word_1_227' title='bbox 1020 3547 1458 3619; x_wconf 88' lang='lat' dir='ltr'>demonstrat.</span> <span class='ocrx_word' id='word_1_228' title='bbox 1517 3548 1595 3617; x_wconf 96' lang='lat' dir='ltr'>In</span> <span class='ocrx_word' id='word_1_229' title='bbox 1651 3548 1885 3640; x_wconf 86' lang='lat' dir='ltr'>Suppl.</span> <span class='ocrx_word' id='word_1_230' title='bbox 1946 3542 2222 3638; x_wconf 80' lang='lat' dir='ltr'>Aesch.,</span> <span class='ocrx_word' id='word_1_231' title='bbox 2280 3557 2353 3618; x_wconf 94' lang='lat' dir='ltr'>ut</span> <span class='ocrx_word' id='word_1_232' title='bbox 2408 3548 2591 3618; x_wconf 89' lang='lat' dir='ltr'>tertii</span> <span class='ocrx_word' id='word_1_233' title='bbox 2621 3549 2893 3637; x_wconf 88' lang='lat' dir='ltr'>generis</span> <span class='ocrx_word' id='word_1_234' title='bbox 2922 3568 3138 3619; x_wconf 86' lang='lat' dir='ltr'>exem-</span> 
     </span>
     <span class='ocr_line' id='line_1_31' title="bbox 811 3653 3138 3746; baseline -0.003 -20"><span class='ocrx_word' id='word_1_235' title='bbox 811 3655 998 3746; x_wconf 88' lang='lat' dir='ltr'>plum</span> <span class='ocrx_word' id='word_1_236' title='bbox 1054 3653 1325 3744; x_wconf 86' lang='lat' dir='ltr'>addam,</span> <span class='ocrx_word' id='word_1_237' title='bbox 1385 3656 1610 3745; x_wconf 87' lang='lat' dir='ltr'>prima</span> <span class='ocrx_word' id='word_1_238' title='bbox 1664 3664 1732 3726; x_wconf 88' lang='grc'>01</span> <span class='ocrx_word' id='word_1_239' title='bbox 1788 3656 2007 3727; x_wconf 85' lang='lat' dir='ltr'>altera</span> <span class='ocrx_word' id='word_1_240' title='bbox 2060 3677 2223 3746; x_wconf 85' lang='lat' dir='ltr'>pars</span> <span class='ocrx_word' id='word_1_241' title='bbox 2280 3656 2468 3727; x_wconf 89' lang='lat' dir='ltr'>chori</span> <span class='ocrx_word' id='word_1_242' title='bbox 2502 3655 3026 3727; x_wconf 85' lang='lat' dir='ltr'>introductionis</span> <span class='ocrx_word' id='word_1_243' title='bbox 3049 3675 3138 3725; x_wconf 89' lang='lat' dir='ltr'>sc.</span> 
     </span>
     <span class='ocr_line' id='line_1_32' title="bbox 811 3757 3139 3857; baseline 0 -26"><span class='ocrx_word' id='word_1_244' title='bbox 811 3762 1103 3857; x_wconf 83' lang='lat' dir='ltr'>primum</span> <span class='ocrx_word' id='word_1_245' title='bbox 1142 3770 1226 3832; x_wconf 72' lang='lat' dir='ltr'>‘et</span> <span class='ocrx_word' id='word_1_246' title='bbox 1282 3762 1569 3833; x_wconf 86' lang='lat' dir='ltr'>alterum</span> <span class='ocrx_word' id='word_1_247' title='bbox 1625 3762 1972 3835; x_wconf 88' lang='lat' dir='ltr'>choricum</span> <span class='ocrx_word' id='word_1_248' title='bbox 2027 3785 2095 3832; x_wconf 86' lang='lat' dir='ltr'>v.</span> <span class='ocrx_word' id='word_1_249' title='bbox 2163 3758 2441 3845; x_wconf 81' lang='lat'>1-39,</span> <span class='ocrx_word' id='word_1_250' title='bbox 2478 3757 2868 3846; x_wconf 77' lang='lat'>40-181,</span> <span class='ocrx_word' id='word_1_251' title='bbox 2903 3762 3139 3851; x_wconf 88' lang='lat' dir='ltr'>quibus</span> 
     </span>
     <span class='ocr_line' id='line_1_33' title="bbox 814 3855 3144 3962; baseline -0.003 -24"><span class='ocrx_word' id='word_1_252' title='bbox 814 3868 1073 3946; x_wconf 84' lang='lat' dir='ltr'>duobus</span> <span class='ocrx_word' id='word_1_253' title='bbox 1128 3869 1422 3960; x_wconf 88' lang='lat' dir='ltr'>parodus</span> <span class='ocrx_word' id='word_1_254' title='bbox 1475 3869 1924 3943; x_wconf 87' lang='lat' dir='ltr'>Aristotelica</span> <span class='ocrx_word' id='word_1_255' title='bbox 1979 3869 2295 3960; x_wconf 85' lang='lat' dir='ltr'>efficitur,</span> <span class='ocrx_word' id='word_1_256' title='bbox 2365 3855 2460 3935; x_wconf 72' lang='grc' dir='ltr'>,τὰ</span> <span class='ocrx_word' id='word_1_257' title='bbox 2520 3867 3144 3962; x_wconf 56' lang='grc' dir='ltr'>ντεροσ-ειεπραῃφέναι</span> 
     </span>
     <span class='ocr_line' id='line_1_34' title="bbox 811 3968 3136 4068; baseline -0.001 -21"><span class='ocrx_word' id='word_1_258' title='bbox 811 3975 1156 4066; x_wconf 81' lang='lat' dir='ltr'>exhibent,</span> <span class='ocrx_word' id='word_1_259' title='bbox 1212 3977 1418 4053; x_wconf 85' lang='lat' dir='ltr'>tertia</span> <span class='ocrx_word' id='word_1_260' title='bbox 1473 3968 1697 4049; x_wconf 82' lang='lat' dir='ltr'>autem</span> <span class='ocrx_word' id='word_1_261' title='bbox 1753 3978 1897 4050; x_wconf 89' lang='lat' dir='ltr'>eius</span> <span class='ocrx_word' id='word_1_262' title='bbox 1987 3999 2151 4068; x_wconf 88' lang='lat' dir='ltr'>pars</span> <span class='ocrx_word' id='word_1_263' title='bbox 2235 3978 2728 4067; x_wconf 86' lang='lat' dir='ltr'>expositionem</span> <span class='ocrx_word' id='word_1_264' title='bbox 2785 3978 2987 4047; x_wconf 89' lang='lat' dir='ltr'>huius</span> <span class='ocrx_word' id='word_1_265' title='bbox 3041 3974 3136 4044; x_wconf 85' lang='lat' dir='ltr'>fa-</span> 
     </span>
     <span class='ocr_line' id='line_1_35' title="bbox 811 4082 3139 4174; baseline 0 -21"><span class='ocrx_word' id='word_1_266' title='bbox 811 4082 1012 4155; x_wconf 89' lang='lat' dir='ltr'>bulae</span> <span class='ocrx_word' id='word_1_267' title='bbox 1068 4104 1148 4157; x_wconf 91' lang='lat' dir='ltr'>eo</span> <span class='ocrx_word' id='word_1_268' title='bbox 1205 4083 1573 4169; x_wconf 83' lang='lat' dir='ltr'>continuat,</span> <span class='ocrx_word' id='word_1_269' title='bbox 1633 4084 1812 4173; x_wconf 91' lang='lat' dir='ltr'>quod</span> <span class='ocrx_word' id='word_1_270' title='bbox 1868 4085 1964 4155; x_wconf 90' lang='lat' dir='ltr'>ibi</span> <span class='ocrx_word' id='word_1_271' title='bbox 2020 4085 2302 4157; x_wconf 90' lang='lat' dir='ltr'>Danaus</span> <span class='ocrx_word' id='word_1_272' title='bbox 2392 4085 2545 4174; x_wconf 86' lang='lat' dir='ltr'>ipsa</span> <span class='ocrx_word' id='word_1_273' title='bbox 2637 4094 2943 4155; x_wconf 89' lang='lat' dir='ltr'>extrema</span> <span class='ocrx_word' id='word_1_274' title='bbox 3002 4087 3139 4146; x_wconf 77' lang='grc' dir='ltr'>τῶν</span> 
     </span>
     <span class='ocr_line' id='line_1_36' title="bbox 811 4189 3138 4283; baseline -0.002 -21"><span class='ocrx_word' id='word_1_275' title='bbox 811 4189 1494 4283; x_wconf 71' lang='grc' dir='ltr'><em>προπεπραγμένων</em></span> <span class='ocrx_word' id='word_1_276' title='bbox 1534 4191 1740 4275; x_wconf 86' lang='grc'><strong>011010</strong></span> <span class='ocrx_word' id='word_1_277' title='bbox 1779 4202 2081 4263; x_wconf 84' lang='lat' dir='ltr'>enarrat.</span> <span class='ocrx_word' id='word_1_278' title='bbox 2132 4192 2332 4263; x_wconf 86' lang='lat' dir='ltr'>Haec</span> <span class='ocrx_word' id='word_1_279' title='bbox 2372 4193 2507 4262; x_wconf 89' lang='lat' dir='ltr'>tria</span> <span class='ocrx_word' id='word_1_280' title='bbox 2537 4191 2871 4282; x_wconf 85' lang='lat' dir='ltr'>exempla,</span> <span class='ocrx_word' id='word_1_281' title='bbox 2907 4190 3138 4279; x_wconf 88' lang='lat' dir='ltr'>quibus</span> 
     </span>
     <span class='ocr_line' id='line_1_37' title="bbox 812 4297 3134 4388; baseline 0 -22"><span class='ocrx_word' id='word_1_282' title='bbox 812 4298 948 4377; x_wconf 84' lang='lat' dir='ltr'>tria</span> <span class='ocrx_word' id='word_1_283' title='bbox 1001 4319 1259 4388; x_wconf 88' lang='lat' dir='ltr'>genera</span> <span class='ocrx_word' id='word_1_284' title='bbox 1313 4299 1501 4387; x_wconf 84' lang='lat' dir='ltr'>chori</span> <span class='ocrx_word' id='word_1_285' title='bbox 1560 4308 1717 4369; x_wconf 92' lang='lat' dir='ltr'>ante</span> <span class='ocrx_word' id='word_1_286' title='bbox 1775 4300 2043 4370; x_wconf 88' lang='lat' dir='ltr'>initium</span> <span class='ocrx_word' id='word_1_287' title='bbox 2103 4301 2391 4370; x_wconf 89' lang='lat' dir='ltr'>actionis</span> <span class='ocrx_word' id='word_1_288' title='bbox 2447 4298 2922 4371; x_wconf 89' lang='lat' dir='ltr'>introducendi</span> <span class='ocrx_word' id='word_1_289' title='bbox 2958 4297 3134 4368; x_wconf 87' lang='lat' dir='ltr'>illus·</span> 
     </span>
     <span class='ocr_line' id='line_1_38' title="bbox 813 4394 3143 4497; baseline 0 -25"><span class='ocrx_word' id='word_1_290' title='bbox 813 4394 1102 4494; x_wconf 85' lang='lat' dir='ltr'>trantur,</span> <span class='ocrx_word' id='word_1_291' title='bbox 1164 4403 1253 4475; x_wconf 89' lang='lat' dir='ltr'>ad</span> <span class='ocrx_word' id='word_1_292' title='bbox 1307 4415 1612 4477; x_wconf 88' lang='lat' dir='ltr'>nostram</span> <span class='ocrx_word' id='word_1_293' title='bbox 1668 4407 2076 4478; x_wconf 88' lang='lat' dir='ltr'>sententiam</span> <span class='ocrx_word' id='word_1_294' title='bbox 2135 4406 2550 4497; x_wconf 80' lang='lat' dir='ltr'>fulciendam</span> <span class='ocrx_word' id='word_1_295' title='bbox 2577 4414 2643 4476; x_wconf 91' lang='lat' dir='ltr'>et</span> <span class='ocrx_word' id='word_1_296' title='bbox 2672 4404 3143 4497; x_wconf 86' lang='lat' dir='ltr'>explicandam</span> 
     </span>
    </p>
   </div>
   <div class='ocr_carea' id='block_1_5' title="bbox 413 5228 3326 5384">
    <p class='ocr_par' dir='ltr' id='par_1_6' title="bbox 413 5228 3326 5384">
     <span class='ocr_line' id='line_1_39' title="bbox 413 5228 3326 5384; baseline 0 0"><span class='ocrx_word' id='word_1_297' title='bbox 413 5228 3326 5384; x_wconf 95' lang='lat' dir='ltr'> </span> 
     </span>
    </p>
   </div>
   <div class='ocr_carea' id='block_1_6' title="bbox 3362 0 3398 5227">
    <p class='ocr_par' dir='ltr' id='par_1_7' title="bbox 3362 0 3398 5227">
     <span class='ocr_line' id='line_1_40' title="bbox 3362 0 3398 5227; baseline 0 0"><span class='ocrx_word' id='word_1_298' title='bbox 3362 0 3398 5227; x_wconf 95' lang='lat' dir='ltr'> </span> 
     </span>
    </p>
   </div>
  </div>
 </body>
</html>
