3417 5384
678 442 770 510 16

665 678 897 729 τωνος
945 651 1342 728 ὲπείσοὸος.
1433 658 1618 746 Ergo
1673 658 1857 745 inde,
1919 659 2096 746 quod
2152 657 2323 728 haec
2369 659 2681 728 recitatio
2720 660 2826 729 vel
2867 658 3025 728 dia—

664 764 858 854 logus
947 765 1301 835 histrionis
1373 766 1572 835 unius
1646 764 1734 834 ad
1804 765 2082 835 chorum
2166 765 2428 835 adveni·
2453 766 2590 835 ntis
2672 786 2794 854 per
2879 764 3021 834 duo

663 873 941 942 chorica
997 873 1068 940 in
1124 872 1604 942 vetustioribus
1661 871 2035 960 tragoediis
2092 872 2199 942 vel
2258 872 2396 941 iam
2453 872 2523 940 in
2579 894 2811 942 eorum
2867 872 3009 961 pri-

663 979 946 1049 mordiis
1004 977 1608 1065 determinabatur,
1669 978 2079 1049 Aristoteles
2118 978 2459 1067 profectus
2511 999 2743 1049 omnes
2782 988 3012 1067 partes

663 1085 1062 1174 tragoediae
1137 1086 1317 1154 inter
1393 1085 1525 1155 duo
1598 1086 1877 1159 chorica
1950 1087 2173 1174 posita
2246 1086 2625 1174 generatim
2705 1085 3013 1173 episodia

666 1192 1048 1282 appellasse
1121 1191 1410 1278 videtur,
1489 1212 1898 1280 quamquam
1953 1214 2086 1263 non
2145 1213 2411 1280 semper
2465 1193 2596 1262 hae
2653 1189 2884 1281 partes
2942 1193 3017 1261 in

662 1298 1036 1387 tragoediis
1120 1299 1516 1386 posterioris
1600 1299 1845 1369 aetatis
1903 1299 1990 1368 ab
2050 1320 2326 1369 accessu
2403 1300 2601 1369 unius
2658 1299 3021 1370 histrionis

663 1405 998 1495 incipiunt
1051 1425 1269 1492 neque
1308 1427 1573 1493 semper
1611 1414 1876 1474 tantum
1913 1406 2111 1475 unius
2150 1406 2503 1476 histrionis
2554 1407 3024 1476 accessionem

661 1523 728 1581 et
786 1512 1058 1600 quidem
1117 1513 1205 1582 ad
1263 1513 1541 1581 chorum
1600 1513 1943 1582 continent
2002 1502 2123 1581 28).

798 1638 803 1642 ·
878 1618 1331 1689 Grammatici
1373 1619 1831 1689 Alexandrini
1871 1619 2336 1708 significatum
2380 1620 2784 1706 primarium
2813 1620 3023 1689 huius

664 1726 851 1795 vocis
908 1726 979 1794 in
1035 1726 1424 1796 universum
1509 1726 1725 1796 secuti
1781 1747 1930 1796 esse
1990 1727 2325 1796 videntur.
2388 1728 2469 1795 In
2526 1725 2751 1796 Schol.
2832 1727 3011 1795 enim

663 1832 750 1901 ad
811 1831 1016 1920 Soph.
1079 1832 1260 1901 Phil.
1354 1827 1546 1896 1218
1623 1833 1798 1902 haec
1865 1833 2190 1902 adnotata
2248 1842 2440 1902 sunt:
2522 1824 2852 1896 ἐντεῦθεν
2913 1826 3012 1895 δι-

661 1931 904 2000 πλοῦν
988 1932 1136 2002 ἐστι
1215 1935 1295 2001 τὸ
1355 1932 1790 2026 ἐπεισόδιον,
1852 1940 2012 2027 quia
2069 1940 2140 2008 in
2197 1939 2328 2010 hac
2403 1960 2652 2009 scaena
2726 1960 2882 2027 non,
2943 1951 3013 2008 ut

663 2046 1081 2133 plerumque,
1139 2066 1296 2133 una,
1358 2045 1477 2115 sed
1533 2045 1707 2115 duae
1782 2067 2113 2134 personae
2170 2045 2562 2115 adveniunt.
2652 2044 3010 2116 Gramma-

659 2153 829 2222 ticos
862 2162 1085 2221 autem
1115 2152 1511 2239 posterioris
1542 2153 1787 2223 aetatis
1826 2153 2004 2221 hunc
2034 2161 2514 2223 commutatum
2547 2152 3014 2242 significatum

664 2258 1065 2347 probavisse
1121 2281 1158 2328 e
1214 2258 1330 2327 Tz.
1396 2252 1490 2321 22
1553 2258 1811 2329 elucet:
1871 2252 2277 2328 ἐπεισόδιός
2354 2248 2417 2323 δ’
2481 2252 2681 2324 ἐστιν
2740 2260 2835 2328 ὡς
2891 2258 3012 2322 καὶ

662 2364 837 2455 πρὶν
893 2359 1106 2455 ἔφην,
1150 2356 1381 2452 λόγος
1419 2351 1690 2454 μεταξὺ
1747 2358 1954 2445 πλὴν
2011 2358 2260 2456 μελῶν
2317 2371 2574 2458 χορῶν
2633 2360 2785 2454 δύο,
2844 2386 3026 2454 quac

663 2471 876 2541 verba
915 2470 1276 2541 manifesto
1317 2472 1605 2560 episodii
1645 2471 2114 2543 definitionem
2153 2473 2666 2543 Aristotelicam
2696 2472 3009 2543 reddunt.

874 2681 1066 2771 Quod
1125 2695 1348 2755 autem
1406 2685 1493 2754 ad
1551 2686 1894 2756 choricum
1952 2687 2269 2775 pertinet,
2311 2686 2383 2755 in
2420 2707 2553 2774 quo
2593 2686 2723 2756 duo
2761 2707 3017 2775 genera

662 2792 993 2880 parodum
1050 2800 1115 2860 et
1172 2792 1526 2861 stasimum
1583 2793 1987 2863 Aristoteles
2046 2792 2380 2873 distinxit,
2442 2814 2525 2862 ex
2565 2794 2673 2881 iis,
2714 2813 2889 2881 quae
2926 2791 3013 2862 de

657 2898 962 2986 episodio
1019 2897 1185 2986 dixi,
1248 2899 1621 2969 luculenter
1678 2909 1988 2988 apparet,
2049 2899 2119 2968 id
2169 2900 2532 2989 praecipue
2589 2900 2928 2970 canticum
2970 2919 3011 2968 a

660 3007 867 3075 choro
925 3004 1068 3076 solo
1126 3013 1472 3075 cantatum
1529 3006 1951 3094 significare,
1998 3006 2084 3075 ad
2126 3006 2303 3094 quod
2359 3006 2634 3075 finitum
2692 3027 3020 3077 accessus.

659 3112 1043 3182 recitatoris
1099 3110 1256 3180 fieri
1313 3112 1573 3182 solebat
1655 3113 2031 3202 Propterea
2087 3134 2170 3183 ex
2209 3114 2419 3184 exiis
2478 3114 2786 3200 canticis,
2829 3133 3004 3202 quae

660 3220 907 3288 chorus
965 3239 1116 3288 cum
1173 3218 1617 3290 histrionibus
1674 3220 2119 3290 communiter
2167 3228 2420 3308 cantat,
2464 3227 2727 3289 tantum
2765 3241 2846 3289 ea
2886 3240 3019 3307 pro

660 3325 953 3395 choricis
1010 3324 1319 3413 episodia
1376 3327 1886 3414 seiungentibus
1962 3326 2281 3397 habenda
2356 3336 2532 3413 sunt,
2595 3347 2768 3414 quae
2826 3334 3009 3396 certo

658 3441 955 3504 statuere
1026 3451 1385 3520 possumus
1459 3434 1530 3501 in
1615 3433 1761 3502 loco
1833 3434 2090 3503 chorici
2147 3455 2189 3504 a
2246 3434 2387 3503 solo
2467 3433 2673 3504 choro
2756 3432 3016 3503 cantati

654 3540 878 3629 posita
935 3555 1108 3608 esse.
1170 3538 1278 3607 lta
1353 3548 1511 3608 ante
1583 3540 1811 3610 omnia
1887 3561 1994 3610 res
2050 3562 2122 3611 se
2177 3540 2385 3611 habet
2440 3540 2511 3608 in
2567 3540 2652 3609 iis
2710 3559 2999 3610 comma·

655 3646 833 3726 ticis,
895 3644 1142 3733 quibus
1202 3645 1391 3715 chori
1449 3646 1520 3715 in
1578 3667 1897 3716 scaenam
1952 3647 2268 3718 introitus
2324 3646 2430 3715 fit.

868 3750 1190 3821 Notabile
1246 3760 1371 3841 est,
1431 3753 1607 3841 qu‘od
1664 3754 2071 3824 Aristoteles
2126 3752 2425 3846 χορικά,
2484 3773 2658 3841 quae
2726 3751 2811 3822 ad
2868 3752 3010 3839 epi-

655 3858 849 3929 sodia
903 3857 1323 3946 seiungenda
1380 3859 1716 3948 adhibuit,
1777 3852 1924 3923 ὅλα
1978 3880 2129 3931 esse
2186 3861 2350 3930 vult.
2411 3869 2481 3929 ut
2522 3881 2559 3930 e
2609 3856 3009 3929 definitione

652 3965 938 4054 episodii
995 3964 1381 4052 colligitur:
1469 3960 1882 4030 ἐπεισόδιον
1938 3965 2154 4059 μέρος
2211 3958 2397 4029 ὅλον·
2454 3958 2865 4057 τραγῳδίας
2929 3960 3009 4027 τὸ

652 4057 922 4162 μεταξὺ
981 4063 1180 4133 ὅλων
1237 4078 1573 4163 χορικῶν
1655 4066 1929 4163 μελῶν.
2008 4071 2184 4159 Quid
2269 4070 2612 4162 significet
2667 4073 2796 4142 hoc
2853 4073 3006 4141 loco

653 4242 749 4250 ——e

870 4313 949 4395 ²⁸)
999 4312 1194 4380 Recte
1243 4314 1323 4379 de
1368 4315 1489 4380 hac
1533 4334 1603 4379 re
1649 4315 1952 4383 iudicavit
2024 4316 2462 4398 Myriantheus
2509 4334 2578 4396 p.
2635 4311 3016 4377 140—141·

649 4404 742 4469 Cf.
793 4405 985 4468 etiam
1033 4404 1144 4469 Th.
1196 4404 1394 4483 Kock,
1444 4424 1513 4485 p.
1564 4403 1603 4464 3
1654 4404 1895 4487 (Ueber
1942 4405 2046 4468 die
2094 4404 2449 4471 Parodos..
2478 4400 2583 4485 ..).
